%YAML 1.1
%TAG !u! tag:unity3d.com,2011:
--- !u!1 &414219637589658099
GameObject:
  m_ObjectHideFlags: 0
  m_CorrespondingSourceObject: {fileID: 0}
  m_PrefabInstance: {fileID: 0}
  m_PrefabAsset: {fileID: 0}
  serializedVersion: 6
  m_Component:
  - component: {fileID: 2996814415396471001}
  - component: {fileID: 3574542391354526819}
  - component: {fileID: 6318344416429156494}
  m_Layer: 8
  m_Name: Terrain
  m_TagString: Untagged
  m_Icon: {fileID: 0}
  m_NavMeshLayer: 0
  m_StaticEditorFlags: 4294967295
  m_IsActive: 1
--- !u!4 &2996814415396471001
Transform:
  m_ObjectHideFlags: 0
  m_CorrespondingSourceObject: {fileID: 0}
  m_PrefabInstance: {fileID: 0}
  m_PrefabAsset: {fileID: 0}
  m_GameObject: {fileID: 414219637589658099}
  m_LocalRotation: {x: -0, y: -0, z: -0, w: 1}
  m_LocalPosition: {x: 0, y: 0, z: -5.7}
  m_LocalScale: {x: 1, y: 1, z: 1}
  m_Children:
  - {fileID: 3260197263746289335}
  - {fileID: 4946461586121771181}
  - {fileID: 5747101255433339855}
  - {fileID: 7451707961966277617}
  - {fileID: 8786424050474919453}
  - {fileID: 5545293077968962301}
  - {fileID: 7068385317611327264}
  m_Father: {fileID: 0}
  m_RootOrder: 0
  m_LocalEulerAnglesHint: {x: 0, y: 0, z: 0}
--- !u!218 &3574542391354526819
Terrain:
  m_ObjectHideFlags: 0
  m_CorrespondingSourceObject: {fileID: 0}
  m_PrefabInstance: {fileID: 0}
  m_PrefabAsset: {fileID: 0}
  m_GameObject: {fileID: 414219637589658099}
  m_Enabled: 1
  serializedVersion: 6
  m_TerrainData: {fileID: 15600000, guid: b3b086e30826841d58f4d1a1159bbcf0, type: 2}
  m_TreeDistance: 5000
  m_TreeBillboardDistance: 50
  m_TreeCrossFadeLength: 5
  m_TreeMaximumFullLODCount: 50
  m_DetailObjectDistance: 80
  m_DetailObjectDensity: 1
  m_HeightmapPixelError: 5
  m_SplatMapDistance: 1000
  m_HeightmapMaximumLOD: 0
  m_ShadowCastingMode: 2
  m_DrawHeightmap: 1
  m_DrawInstanced: 0
  m_DrawTreesAndFoliage: 1
  m_ReflectionProbeUsage: 1
  m_MaterialTemplate: {fileID: 2100000, guid: 594ea882c5a793440b60ff72d896021e, type: 2}
  m_BakeLightProbesForTrees: 1
  m_PreserveTreePrototypeLayers: 0
  m_DeringLightProbesForTrees: 1
  m_ScaleInLightmap: 0.0256
  m_LightmapParameters: {fileID: 15203, guid: 0000000000000000f000000000000000, type: 0}
  m_GroupingID: 0
  m_RenderingLayerMask: 1
  m_AllowAutoConnect: 1
--- !u!154 &6318344416429156494
TerrainCollider:
  m_ObjectHideFlags: 0
  m_CorrespondingSourceObject: {fileID: 0}
  m_PrefabInstance: {fileID: 0}
  m_PrefabAsset: {fileID: 0}
  m_GameObject: {fileID: 414219637589658099}
  m_Material: {fileID: 0}
  m_Enabled: 1
  m_TerrainData: {fileID: 15600000, guid: b3b086e30826841d58f4d1a1159bbcf0, type: 2}
  m_EnableTreeColliders: 1
--- !u!1001 &3260197263746159671
PrefabInstance:
  m_ObjectHideFlags: 0
  serializedVersion: 2
  m_Modification:
    m_TransformParent: {fileID: 2996814415396471001}
    m_Modifications:
    - target: {fileID: 100000, guid: 990917fd431ac445c98462e8c573be6e, type: 3}
      propertyPath: m_Name
      value: Electric_Cable_1A
      objectReference: {fileID: 0}
    - target: {fileID: 100000, guid: 990917fd431ac445c98462e8c573be6e, type: 3}
      propertyPath: m_Layer
      value: 8
      objectReference: {fileID: 0}
    - target: {fileID: 400000, guid: 990917fd431ac445c98462e8c573be6e, type: 3}
      propertyPath: m_LocalPosition.x
      value: 2.9
      objectReference: {fileID: 0}
    - target: {fileID: 400000, guid: 990917fd431ac445c98462e8c573be6e, type: 3}
      propertyPath: m_LocalPosition.y
      value: -0.5
      objectReference: {fileID: 0}
    - target: {fileID: 400000, guid: 990917fd431ac445c98462e8c573be6e, type: 3}
      propertyPath: m_LocalPosition.z
      value: 105.899994
      objectReference: {fileID: 0}
    - target: {fileID: 400000, guid: 990917fd431ac445c98462e8c573be6e, type: 3}
      propertyPath: m_LocalRotation.x
      value: -0
      objectReference: {fileID: 0}
    - target: {fileID: 400000, guid: 990917fd431ac445c98462e8c573be6e, type: 3}
      propertyPath: m_LocalRotation.y
      value: -0
      objectReference: {fileID: 0}
    - target: {fileID: 400000, guid: 990917fd431ac445c98462e8c573be6e, type: 3}
      propertyPath: m_LocalRotation.z
      value: -0
      objectReference: {fileID: 0}
    - target: {fileID: 400000, guid: 990917fd431ac445c98462e8c573be6e, type: 3}
      propertyPath: m_LocalRotation.w
      value: 1
      objectReference: {fileID: 0}
    - target: {fileID: 400000, guid: 990917fd431ac445c98462e8c573be6e, type: 3}
      propertyPath: m_RootOrder
      value: 0
      objectReference: {fileID: 0}
    - target: {fileID: 400000, guid: 990917fd431ac445c98462e8c573be6e, type: 3}
      propertyPath: m_LocalEulerAnglesHint.x
      value: 0
      objectReference: {fileID: 0}
    - target: {fileID: 400000, guid: 990917fd431ac445c98462e8c573be6e, type: 3}
      propertyPath: m_LocalEulerAnglesHint.y
      value: 0
      objectReference: {fileID: 0}
    - target: {fileID: 400000, guid: 990917fd431ac445c98462e8c573be6e, type: 3}
      propertyPath: m_LocalEulerAnglesHint.z
      value: 0
      objectReference: {fileID: 0}
    - target: {fileID: 400000, guid: 990917fd431ac445c98462e8c573be6e, type: 3}
      propertyPath: m_LocalScale.z
      value: 1.7
      objectReference: {fileID: 0}
    m_RemovedComponents: []
  m_SourcePrefab: {fileID: 100100000, guid: 990917fd431ac445c98462e8c573be6e, type: 3}
--- !u!4 &3260197263746289335 stripped
Transform:
  m_CorrespondingSourceObject: {fileID: 400000, guid: 990917fd431ac445c98462e8c573be6e,
    type: 3}
  m_PrefabInstance: {fileID: 3260197263746159671}
  m_PrefabAsset: {fileID: 0}
--- !u!1001 &4947880759068254715
PrefabInstance:
  m_ObjectHideFlags: 0
  serializedVersion: 2
  m_Modification:
    m_TransformParent: {fileID: 2996814415396471001}
    m_Modifications:
    - target: {fileID: 1379632203007184, guid: 8956ced42e97146ceac146b71f5ceed2, type: 3}
      propertyPath: m_Name
      value: Electric_Pole_1A
      objectReference: {fileID: 0}
    - target: {fileID: 1379632203007184, guid: 8956ced42e97146ceac146b71f5ceed2, type: 3}
      propertyPath: m_Layer
      value: 8
      objectReference: {fileID: 0}
    - target: {fileID: 4287885912549718, guid: 8956ced42e97146ceac146b71f5ceed2, type: 3}
      propertyPath: m_LocalPosition.x
      value: 3.6
      objectReference: {fileID: 0}
    - target: {fileID: 4287885912549718, guid: 8956ced42e97146ceac146b71f5ceed2, type: 3}
      propertyPath: m_LocalPosition.y
      value: 0
      objectReference: {fileID: 0}
    - target: {fileID: 4287885912549718, guid: 8956ced42e97146ceac146b71f5ceed2, type: 3}
      propertyPath: m_LocalPosition.z
      value: 106.005936
      objectReference: {fileID: 0}
    - target: {fileID: 4287885912549718, guid: 8956ced42e97146ceac146b71f5ceed2, type: 3}
      propertyPath: m_LocalRotation.x
      value: -0
      objectReference: {fileID: 0}
    - target: {fileID: 4287885912549718, guid: 8956ced42e97146ceac146b71f5ceed2, type: 3}
      propertyPath: m_LocalRotation.y
      value: -0
      objectReference: {fileID: 0}
    - target: {fileID: 4287885912549718, guid: 8956ced42e97146ceac146b71f5ceed2, type: 3}
      propertyPath: m_LocalRotation.z
      value: -0
      objectReference: {fileID: 0}
    - target: {fileID: 4287885912549718, guid: 8956ced42e97146ceac146b71f5ceed2, type: 3}
      propertyPath: m_LocalRotation.w
      value: 1
      objectReference: {fileID: 0}
    - target: {fileID: 4287885912549718, guid: 8956ced42e97146ceac146b71f5ceed2, type: 3}
      propertyPath: m_RootOrder
      value: 1
      objectReference: {fileID: 0}
    - target: {fileID: 4287885912549718, guid: 8956ced42e97146ceac146b71f5ceed2, type: 3}
      propertyPath: m_LocalEulerAnglesHint.x
      value: 0
      objectReference: {fileID: 0}
    - target: {fileID: 4287885912549718, guid: 8956ced42e97146ceac146b71f5ceed2, type: 3}
      propertyPath: m_LocalEulerAnglesHint.y
      value: 0
      objectReference: {fileID: 0}
    - target: {fileID: 4287885912549718, guid: 8956ced42e97146ceac146b71f5ceed2, type: 3}
      propertyPath: m_LocalEulerAnglesHint.z
      value: 0
      objectReference: {fileID: 0}
    m_RemovedComponents: []
  m_SourcePrefab: {fileID: 100100000, guid: 8956ced42e97146ceac146b71f5ceed2, type: 3}
--- !u!4 &4946461586121771181 stripped
Transform:
  m_CorrespondingSourceObject: {fileID: 4287885912549718, guid: 8956ced42e97146ceac146b71f5ceed2,
    type: 3}
  m_PrefabInstance: {fileID: 4947880759068254715}
  m_PrefabAsset: {fileID: 0}
--- !u!1001 &5545293077968836733
PrefabInstance:
  m_ObjectHideFlags: 0
  serializedVersion: 2
  m_Modification:
    m_TransformParent: {fileID: 2996814415396471001}
    m_Modifications:
    - target: {fileID: 100000, guid: 990917fd431ac445c98462e8c573be6e, type: 3}
      propertyPath: m_Name
      value: Electric_Cable_1A (1)
      objectReference: {fileID: 0}
    - target: {fileID: 100000, guid: 990917fd431ac445c98462e8c573be6e, type: 3}
      propertyPath: m_Layer
      value: 8
      objectReference: {fileID: 0}
    - target: {fileID: 400000, guid: 990917fd431ac445c98462e8c573be6e, type: 3}
      propertyPath: m_LocalPosition.x
      value: 2.9
      objectReference: {fileID: 0}
    - target: {fileID: 400000, guid: 990917fd431ac445c98462e8c573be6e, type: 3}
      propertyPath: m_LocalPosition.y
      value: -0.33
      objectReference: {fileID: 0}
    - target: {fileID: 400000, guid: 990917fd431ac445c98462e8c573be6e, type: 3}
      propertyPath: m_LocalPosition.z
      value: 68.86
      objectReference: {fileID: 0}
    - target: {fileID: 400000, guid: 990917fd431ac445c98462e8c573be6e, type: 3}
      propertyPath: m_LocalRotation.x
      value: -0
      objectReference: {fileID: 0}
    - target: {fileID: 400000, guid: 990917fd431ac445c98462e8c573be6e, type: 3}
      propertyPath: m_LocalRotation.y
      value: -0
      objectReference: {fileID: 0}
    - target: {fileID: 400000, guid: 990917fd431ac445c98462e8c573be6e, type: 3}
      propertyPath: m_LocalRotation.z
      value: -0
      objectReference: {fileID: 0}
    - target: {fileID: 400000, guid: 990917fd431ac445c98462e8c573be6e, type: 3}
      propertyPath: m_LocalRotation.w
      value: 1
      objectReference: {fileID: 0}
    - target: {fileID: 400000, guid: 990917fd431ac445c98462e8c573be6e, type: 3}
      propertyPath: m_RootOrder
      value: 5
      objectReference: {fileID: 0}
    - target: {fileID: 400000, guid: 990917fd431ac445c98462e8c573be6e, type: 3}
      propertyPath: m_LocalEulerAnglesHint.x
      value: 0
      objectReference: {fileID: 0}
    - target: {fileID: 400000, guid: 990917fd431ac445c98462e8c573be6e, type: 3}
      propertyPath: m_LocalEulerAnglesHint.y
      value: 0
      objectReference: {fileID: 0}
    - target: {fileID: 400000, guid: 990917fd431ac445c98462e8c573be6e, type: 3}
      propertyPath: m_LocalEulerAnglesHint.z
      value: 0
      objectReference: {fileID: 0}
    - target: {fileID: 400000, guid: 990917fd431ac445c98462e8c573be6e, type: 3}
      propertyPath: m_LocalScale.z
      value: 1.8
      objectReference: {fileID: 0}
    m_RemovedComponents: []
  m_SourcePrefab: {fileID: 100100000, guid: 990917fd431ac445c98462e8c573be6e, type: 3}
--- !u!4 &5545293077968962301 stripped
Transform:
  m_CorrespondingSourceObject: {fileID: 400000, guid: 990917fd431ac445c98462e8c573be6e,
    type: 3}
  m_PrefabInstance: {fileID: 5545293077968836733}
  m_PrefabAsset: {fileID: 0}
--- !u!1001 &5750804165188774553
PrefabInstance:
  m_ObjectHideFlags: 0
  serializedVersion: 2
  m_Modification:
    m_TransformParent: {fileID: 2996814415396471001}
    m_Modifications:
    - target: {fileID: 1379632203007184, guid: 8956ced42e97146ceac146b71f5ceed2, type: 3}
      propertyPath: m_Name
      value: Electric_Pole_1A (1)
      objectReference: {fileID: 0}
    - target: {fileID: 1379632203007184, guid: 8956ced42e97146ceac146b71f5ceed2, type: 3}
      propertyPath: m_Layer
      value: 8
      objectReference: {fileID: 0}
    - target: {fileID: 4287885912549718, guid: 8956ced42e97146ceac146b71f5ceed2, type: 3}
      propertyPath: m_LocalPosition.x
      value: 3.6
      objectReference: {fileID: 0}
    - target: {fileID: 4287885912549718, guid: 8956ced42e97146ceac146b71f5ceed2, type: 3}
      propertyPath: m_LocalPosition.y
      value: 0
      objectReference: {fileID: 0}
    - target: {fileID: 4287885912549718, guid: 8956ced42e97146ceac146b71f5ceed2, type: 3}
      propertyPath: m_LocalPosition.z
      value: 70.299995
      objectReference: {fileID: 0}
    - target: {fileID: 4287885912549718, guid: 8956ced42e97146ceac146b71f5ceed2, type: 3}
      propertyPath: m_LocalRotation.x
      value: -0
      objectReference: {fileID: 0}
    - target: {fileID: 4287885912549718, guid: 8956ced42e97146ceac146b71f5ceed2, type: 3}
      propertyPath: m_LocalRotation.y
      value: -0
      objectReference: {fileID: 0}
    - target: {fileID: 4287885912549718, guid: 8956ced42e97146ceac146b71f5ceed2, type: 3}
      propertyPath: m_LocalRotation.z
      value: -0
      objectReference: {fileID: 0}
    - target: {fileID: 4287885912549718, guid: 8956ced42e97146ceac146b71f5ceed2, type: 3}
      propertyPath: m_LocalRotation.w
      value: 1
      objectReference: {fileID: 0}
    - target: {fileID: 4287885912549718, guid: 8956ced42e97146ceac146b71f5ceed2, type: 3}
      propertyPath: m_RootOrder
      value: 2
      objectReference: {fileID: 0}
    - target: {fileID: 4287885912549718, guid: 8956ced42e97146ceac146b71f5ceed2, type: 3}
      propertyPath: m_LocalEulerAnglesHint.x
      value: 0
      objectReference: {fileID: 0}
    - target: {fileID: 4287885912549718, guid: 8956ced42e97146ceac146b71f5ceed2, type: 3}
      propertyPath: m_LocalEulerAnglesHint.y
      value: 0
      objectReference: {fileID: 0}
    - target: {fileID: 4287885912549718, guid: 8956ced42e97146ceac146b71f5ceed2, type: 3}
      propertyPath: m_LocalEulerAnglesHint.z
      value: 0
      objectReference: {fileID: 0}
    m_RemovedComponents: []
  m_SourcePrefab: {fileID: 100100000, guid: 8956ced42e97146ceac146b71f5ceed2, type: 3}
--- !u!4 &5747101255433339855 stripped
Transform:
  m_CorrespondingSourceObject: {fileID: 4287885912549718, guid: 8956ced42e97146ceac146b71f5ceed2,
    type: 3}
  m_PrefabInstance: {fileID: 5750804165188774553}
  m_PrefabAsset: {fileID: 0}
--- !u!1001 &7068385317610935712
PrefabInstance:
  m_ObjectHideFlags: 0
  serializedVersion: 2
  m_Modification:
    m_TransformParent: {fileID: 2996814415396471001}
    m_Modifications:
    - target: {fileID: 100000, guid: 990917fd431ac445c98462e8c573be6e, type: 3}
      propertyPath: m_Name
      value: Electric_Cable_1A (2)
      objectReference: {fileID: 0}
    - target: {fileID: 100000, guid: 990917fd431ac445c98462e8c573be6e, type: 3}
      propertyPath: m_Layer
      value: 8
      objectReference: {fileID: 0}
    - target: {fileID: 400000, guid: 990917fd431ac445c98462e8c573be6e, type: 3}
      propertyPath: m_LocalPosition.x
      value: 2.9
      objectReference: {fileID: 0}
    - target: {fileID: 400000, guid: 990917fd431ac445c98462e8c573be6e, type: 3}
      propertyPath: m_LocalPosition.y
      value: -0.5
      objectReference: {fileID: 0}
    - target: {fileID: 400000, guid: 990917fd431ac445c98462e8c573be6e, type: 3}
      propertyPath: m_LocalPosition.z
      value: 32.3
      objectReference: {fileID: 0}
    - target: {fileID: 400000, guid: 990917fd431ac445c98462e8c573be6e, type: 3}
      propertyPath: m_LocalRotation.x
      value: -0
      objectReference: {fileID: 0}
    - target: {fileID: 400000, guid: 990917fd431ac445c98462e8c573be6e, type: 3}
      propertyPath: m_LocalRotation.y
      value: -0
      objectReference: {fileID: 0}
    - target: {fileID: 400000, guid: 990917fd431ac445c98462e8c573be6e, type: 3}
      propertyPath: m_LocalRotation.z
      value: -0
      objectReference: {fileID: 0}
    - target: {fileID: 400000, guid: 990917fd431ac445c98462e8c573be6e, type: 3}
      propertyPath: m_LocalRotation.w
      value: 1
      objectReference: {fileID: 0}
    - target: {fileID: 400000, guid: 990917fd431ac445c98462e8c573be6e, type: 3}
      propertyPath: m_RootOrder
      value: 6
      objectReference: {fileID: 0}
    - target: {fileID: 400000, guid: 990917fd431ac445c98462e8c573be6e, type: 3}
      propertyPath: m_LocalEulerAnglesHint.x
      value: 0
      objectReference: {fileID: 0}
    - target: {fileID: 400000, guid: 990917fd431ac445c98462e8c573be6e, type: 3}
      propertyPath: m_LocalEulerAnglesHint.y
      value: 0
      objectReference: {fileID: 0}
    - target: {fileID: 400000, guid: 990917fd431ac445c98462e8c573be6e, type: 3}
      propertyPath: m_LocalEulerAnglesHint.z
      value: 0
      objectReference: {fileID: 0}
    - target: {fileID: 400000, guid: 990917fd431ac445c98462e8c573be6e, type: 3}
      propertyPath: m_LocalScale.z
      value: 1.4
      objectReference: {fileID: 0}
    m_RemovedComponents: []
  m_SourcePrefab: {fileID: 100100000, guid: 990917fd431ac445c98462e8c573be6e, type: 3}
--- !u!4 &7068385317611327264 stripped
Transform:
  m_CorrespondingSourceObject: {fileID: 400000, guid: 990917fd431ac445c98462e8c573be6e,
    type: 3}
  m_PrefabInstance: {fileID: 7068385317610935712}
  m_PrefabAsset: {fileID: 0}
--- !u!1001 &7450909978708449959
PrefabInstance:
  m_ObjectHideFlags: 0
  serializedVersion: 2
  m_Modification:
    m_TransformParent: {fileID: 2996814415396471001}
    m_Modifications:
    - target: {fileID: 1379632203007184, guid: 8956ced42e97146ceac146b71f5ceed2, type: 3}
      propertyPath: m_Name
      value: Electric_Pole_1A (2)
      objectReference: {fileID: 0}
    - target: {fileID: 1379632203007184, guid: 8956ced42e97146ceac146b71f5ceed2, type: 3}
      propertyPath: m_Layer
      value: 8
      objectReference: {fileID: 0}
    - target: {fileID: 4287885912549718, guid: 8956ced42e97146ceac146b71f5ceed2, type: 3}
      propertyPath: m_LocalPosition.x
      value: 3.6
      objectReference: {fileID: 0}
    - target: {fileID: 4287885912549718, guid: 8956ced42e97146ceac146b71f5ceed2, type: 3}
      propertyPath: m_LocalPosition.y
      value: 0
      objectReference: {fileID: 0}
    - target: {fileID: 4287885912549718, guid: 8956ced42e97146ceac146b71f5ceed2, type: 3}
      propertyPath: m_LocalPosition.z
      value: 31.500004
      objectReference: {fileID: 0}
    - target: {fileID: 4287885912549718, guid: 8956ced42e97146ceac146b71f5ceed2, type: 3}
      propertyPath: m_LocalRotation.x
      value: -0
      objectReference: {fileID: 0}
    - target: {fileID: 4287885912549718, guid: 8956ced42e97146ceac146b71f5ceed2, type: 3}
      propertyPath: m_LocalRotation.y
      value: -0
      objectReference: {fileID: 0}
    - target: {fileID: 4287885912549718, guid: 8956ced42e97146ceac146b71f5ceed2, type: 3}
      propertyPath: m_LocalRotation.z
      value: -0
      objectReference: {fileID: 0}
    - target: {fileID: 4287885912549718, guid: 8956ced42e97146ceac146b71f5ceed2, type: 3}
      propertyPath: m_LocalRotation.w
      value: 1
      objectReference: {fileID: 0}
    - target: {fileID: 4287885912549718, guid: 8956ced42e97146ceac146b71f5ceed2, type: 3}
      propertyPath: m_RootOrder
      value: 3
      objectReference: {fileID: 0}
    - target: {fileID: 4287885912549718, guid: 8956ced42e97146ceac146b71f5ceed2, type: 3}
      propertyPath: m_LocalEulerAnglesHint.x
      value: 0
      objectReference: {fileID: 0}
    - target: {fileID: 4287885912549718, guid: 8956ced42e97146ceac146b71f5ceed2, type: 3}
      propertyPath: m_LocalEulerAnglesHint.y
      value: 0
      objectReference: {fileID: 0}
    - target: {fileID: 4287885912549718, guid: 8956ced42e97146ceac146b71f5ceed2, type: 3}
      propertyPath: m_LocalEulerAnglesHint.z
      value: 0
      objectReference: {fileID: 0}
    m_RemovedComponents: []
  m_SourcePrefab: {fileID: 100100000, guid: 8956ced42e97146ceac146b71f5ceed2, type: 3}
--- !u!4 &7451707961966277617 stripped
Transform:
  m_CorrespondingSourceObject: {fileID: 4287885912549718, guid: 8956ced42e97146ceac146b71f5ceed2,
    type: 3}
  m_PrefabInstance: {fileID: 7450909978708449959}
  m_PrefabAsset: {fileID: 0}
--- !u!1001 &8782192790758362955
PrefabInstance:
  m_ObjectHideFlags: 0
  serializedVersion: 2
  m_Modification:
    m_TransformParent: {fileID: 2996814415396471001}
    m_Modifications:
    - target: {fileID: 1379632203007184, guid: 8956ced42e97146ceac146b71f5ceed2, type: 3}
      propertyPath: m_Name
      value: Electric_Pole_1A (3)
      objectReference: {fileID: 0}
    - target: {fileID: 1379632203007184, guid: 8956ced42e97146ceac146b71f5ceed2, type: 3}
      propertyPath: m_Layer
      value: 8
      objectReference: {fileID: 0}
    - target: {fileID: 4287885912549718, guid: 8956ced42e97146ceac146b71f5ceed2, type: 3}
      propertyPath: m_LocalPosition.x
      value: 3.6
      objectReference: {fileID: 0}
    - target: {fileID: 4287885912549718, guid: 8956ced42e97146ceac146b71f5ceed2, type: 3}
      propertyPath: m_LocalPosition.y
      value: 0
      objectReference: {fileID: 0}
    - target: {fileID: 4287885912549718, guid: 8956ced42e97146ceac146b71f5ceed2, type: 3}
      propertyPath: m_LocalPosition.z
      value: 3
      objectReference: {fileID: 0}
    - target: {fileID: 4287885912549718, guid: 8956ced42e97146ceac146b71f5ceed2, type: 3}
      propertyPath: m_LocalRotation.x
      value: -0
      objectReference: {fileID: 0}
    - target: {fileID: 4287885912549718, guid: 8956ced42e97146ceac146b71f5ceed2, type: 3}
      propertyPath: m_LocalRotation.y
      value: -0
      objectReference: {fileID: 0}
    - target: {fileID: 4287885912549718, guid: 8956ced42e97146ceac146b71f5ceed2, type: 3}
      propertyPath: m_LocalRotation.z
      value: -0
      objectReference: {fileID: 0}
    - target: {fileID: 4287885912549718, guid: 8956ced42e97146ceac146b71f5ceed2, type: 3}
      propertyPath: m_LocalRotation.w
      value: 1
      objectReference: {fileID: 0}
    - target: {fileID: 4287885912549718, guid: 8956ced42e97146ceac146b71f5ceed2, type: 3}
      propertyPath: m_RootOrder
      value: 4
      objectReference: {fileID: 0}
    - target: {fileID: 4287885912549718, guid: 8956ced42e97146ceac146b71f5ceed2, type: 3}
      propertyPath: m_LocalEulerAnglesHint.x
      value: 0
      objectReference: {fileID: 0}
    - target: {fileID: 4287885912549718, guid: 8956ced42e97146ceac146b71f5ceed2, type: 3}
      propertyPath: m_LocalEulerAnglesHint.y
      value: 0
      objectReference: {fileID: 0}
    - target: {fileID: 4287885912549718, guid: 8956ced42e97146ceac146b71f5ceed2, type: 3}
      propertyPath: m_LocalEulerAnglesHint.z
      value: 0
      objectReference: {fileID: 0}
    m_RemovedComponents: []
  m_SourcePrefab: {fileID: 100100000, guid: 8956ced42e97146ceac146b71f5ceed2, type: 3}
--- !u!4 &8786424050474919453 stripped
Transform:
  m_CorrespondingSourceObject: {fileID: 4287885912549718, guid: 8956ced42e97146ceac146b71f5ceed2,
    type: 3}
  m_PrefabInstance: {fileID: 8782192790758362955}
  m_PrefabAsset: {fileID: 0}
