%YAML 1.1
%TAG !u! tag:unity3d.com,2011:
--- !u!1 &1000010855092176
GameObject:
  m_ObjectHideFlags: 0
  m_CorrespondingSourceObject: {fileID: 0}
  m_PrefabInstance: {fileID: 0}
  m_PrefabAsset: {fileID: 0}
  serializedVersion: 6
  m_Component:
  - component: {fileID: 4000014184349344}
  - component: {fileID: 3260059794984211206}
  m_Layer: 10
  m_Name: Wheel_10C_F.R
  m_TagString: Untagged
  m_Icon: {fileID: 0}
  m_NavMeshLayer: 0
  m_StaticEditorFlags: 22
  m_IsActive: 1
--- !u!4 &4000014184349344
Transform:
  m_ObjectHideFlags: 0
  m_CorrespondingSourceObject: {fileID: 0}
  m_PrefabInstance: {fileID: 0}
  m_PrefabAsset: {fileID: 0}
  m_GameObject: {fileID: 1000010855092176}
  m_LocalRotation: {x: 0, y: -0, z: -0, w: 1}
  m_LocalPosition: {x: 1.0319933, y: -0.47, z: 1.66}
  m_LocalScale: {x: 1, y: 1, z: 1}
  m_Children: []
  m_Father: {fileID: 4000010395555628}
  m_RootOrder: 1
  m_LocalEulerAnglesHint: {x: 0, y: 0, z: 0}
--- !u!146 &3260059794984211206
WheelCollider:
  m_ObjectHideFlags: 0
  m_CorrespondingSourceObject: {fileID: 0}
  m_PrefabInstance: {fileID: 0}
  m_PrefabAsset: {fileID: 0}
  m_GameObject: {fileID: 1000010855092176}
  m_Center: {x: 0, y: 0.2, z: 0}
  m_Radius: 0.45
  m_SuspensionSpring:
    spring: 0
    damper: 0
    targetPosition: 0.5
  m_SuspensionDistance: 0.3
  m_ForceAppPointDistance: 0
  m_Mass: 20
  m_WheelDampingRate: 0.25
  m_ForwardFriction:
    m_ExtremumSlip: 0.4
    m_ExtremumValue: 1
    m_AsymptoteSlip: 0.8
    m_AsymptoteValue: 0.5
    m_Stiffness: 1
  m_SidewaysFriction:
    m_ExtremumSlip: 0.2
    m_ExtremumValue: 1
    m_AsymptoteSlip: 0.5
    m_AsymptoteValue: 0.75
    m_Stiffness: 1
  m_Enabled: 1
--- !u!1 &1000011592398098
GameObject:
  m_ObjectHideFlags: 0
  m_CorrespondingSourceObject: {fileID: 0}
  m_PrefabInstance: {fileID: 0}
  m_PrefabAsset: {fileID: 0}
  serializedVersion: 6
  m_Component:
  - component: {fileID: 4000010369827746}
  - component: {fileID: 6769254588510767834}
  m_Layer: 10
  m_Name: Wheel_10C_F.L
  m_TagString: Untagged
  m_Icon: {fileID: 0}
  m_NavMeshLayer: 0
  m_StaticEditorFlags: 22
  m_IsActive: 1
--- !u!4 &4000010369827746
Transform:
  m_ObjectHideFlags: 0
  m_CorrespondingSourceObject: {fileID: 0}
  m_PrefabInstance: {fileID: 0}
  m_PrefabAsset: {fileID: 0}
  m_GameObject: {fileID: 1000011592398098}
  m_LocalRotation: {x: 0, y: -0, z: -0, w: 1}
  m_LocalPosition: {x: -1.0319933, y: -0.46999997, z: 1.66}
  m_LocalScale: {x: 1, y: 1, z: 1}
  m_Children: []
  m_Father: {fileID: 4000010395555628}
  m_RootOrder: 0
  m_LocalEulerAnglesHint: {x: 0, y: 0, z: 0}
--- !u!146 &6769254588510767834
WheelCollider:
  m_ObjectHideFlags: 0
  m_CorrespondingSourceObject: {fileID: 0}
  m_PrefabInstance: {fileID: 0}
  m_PrefabAsset: {fileID: 0}
  m_GameObject: {fileID: 1000011592398098}
  m_Center: {x: 0, y: 0.2, z: 0}
  m_Radius: 0.45
  m_SuspensionSpring:
    spring: 0
    damper: 0
    targetPosition: 0.5
  m_SuspensionDistance: 0.3
  m_ForceAppPointDistance: 0
  m_Mass: 20
  m_WheelDampingRate: 0.25
  m_ForwardFriction:
    m_ExtremumSlip: 0.4
    m_ExtremumValue: 1
    m_AsymptoteSlip: 0.8
    m_AsymptoteValue: 0.5
    m_Stiffness: 1
  m_SidewaysFriction:
    m_ExtremumSlip: 0.2
    m_ExtremumValue: 1
    m_AsymptoteSlip: 0.5
    m_AsymptoteValue: 0.75
    m_Stiffness: 1
  m_Enabled: 1
--- !u!1 &1000012941049794
GameObject:
  m_ObjectHideFlags: 0
  m_CorrespondingSourceObject: {fileID: 0}
  m_PrefabInstance: {fileID: 0}
  m_PrefabAsset: {fileID: 0}
  serializedVersion: 6
  m_Component:
  - component: {fileID: 4000012003457164}
  - component: {fileID: 4502877470099483388}
  m_Layer: 10
  m_Name: Wheel_10C_R.L
  m_TagString: Untagged
  m_Icon: {fileID: 0}
  m_NavMeshLayer: 0
  m_StaticEditorFlags: 22
  m_IsActive: 1
--- !u!4 &4000012003457164
Transform:
  m_ObjectHideFlags: 0
  m_CorrespondingSourceObject: {fileID: 0}
  m_PrefabInstance: {fileID: 0}
  m_PrefabAsset: {fileID: 0}
  m_GameObject: {fileID: 1000012941049794}
  m_LocalRotation: {x: 0, y: -0, z: -0, w: 1}
  m_LocalPosition: {x: -1.1763825, y: -0.46999997, z: -1.4126438}
  m_LocalScale: {x: 1, y: 1, z: 1}
  m_Children: []
  m_Father: {fileID: 4000010395555628}
  m_RootOrder: 2
  m_LocalEulerAnglesHint: {x: 0, y: 0, z: 0}
--- !u!146 &4502877470099483388
WheelCollider:
  m_ObjectHideFlags: 0
  m_CorrespondingSourceObject: {fileID: 0}
  m_PrefabInstance: {fileID: 0}
  m_PrefabAsset: {fileID: 0}
  m_GameObject: {fileID: 1000012941049794}
  m_Center: {x: 0, y: 0.2, z: 0}
  m_Radius: 0.45
  m_SuspensionSpring:
    spring: 0
    damper: 0
    targetPosition: 0.5
  m_SuspensionDistance: 0.3
  m_ForceAppPointDistance: 0
  m_Mass: 20
  m_WheelDampingRate: 0.25
  m_ForwardFriction:
    m_ExtremumSlip: 0.4
    m_ExtremumValue: 1
    m_AsymptoteSlip: 0.8
    m_AsymptoteValue: 0.5
    m_Stiffness: 1
  m_SidewaysFriction:
    m_ExtremumSlip: 0.2
    m_ExtremumValue: 1
    m_AsymptoteSlip: 0.5
    m_AsymptoteValue: 0.75
    m_Stiffness: 1
  m_Enabled: 1
--- !u!1 &1000012967032842
GameObject:
  m_ObjectHideFlags: 0
  m_CorrespondingSourceObject: {fileID: 0}
  m_PrefabInstance: {fileID: 0}
  m_PrefabAsset: {fileID: 0}
  serializedVersion: 6
  m_Component:
  - component: {fileID: 4000011940214996}
  - component: {fileID: 8464539702179078793}
  m_Layer: 10
  m_Name: Wheel_10C_R.R
  m_TagString: Untagged
  m_Icon: {fileID: 0}
  m_NavMeshLayer: 0
  m_StaticEditorFlags: 22
  m_IsActive: 1
--- !u!4 &4000011940214996
Transform:
  m_ObjectHideFlags: 0
  m_CorrespondingSourceObject: {fileID: 0}
  m_PrefabInstance: {fileID: 0}
  m_PrefabAsset: {fileID: 0}
  m_GameObject: {fileID: 1000012967032842}
  m_LocalRotation: {x: 0, y: -0, z: -0, w: 1}
  m_LocalPosition: {x: 1.1763825, y: -0.46999997, z: -1.4126438}
  m_LocalScale: {x: 1, y: 1, z: 1}
  m_Children: []
  m_Father: {fileID: 4000010395555628}
  m_RootOrder: 3
  m_LocalEulerAnglesHint: {x: 0, y: 0, z: 0}
--- !u!146 &8464539702179078793
WheelCollider:
  m_ObjectHideFlags: 0
  m_CorrespondingSourceObject: {fileID: 0}
  m_PrefabInstance: {fileID: 0}
  m_PrefabAsset: {fileID: 0}
  m_GameObject: {fileID: 1000012967032842}
  m_Center: {x: 0, y: 0.2, z: 0}
  m_Radius: 0.45
  m_SuspensionSpring:
    spring: 0
    damper: 0
    targetPosition: 0.5
  m_SuspensionDistance: 0.3
  m_ForceAppPointDistance: 0
  m_Mass: 20
  m_WheelDampingRate: 0.25
  m_ForwardFriction:
    m_ExtremumSlip: 0.4
    m_ExtremumValue: 1
    m_AsymptoteSlip: 0.8
    m_AsymptoteValue: 0.5
    m_Stiffness: 1
  m_SidewaysFriction:
    m_ExtremumSlip: 0.2
    m_ExtremumValue: 1
    m_AsymptoteSlip: 0.5
    m_AsymptoteValue: 0.75
    m_Stiffness: 1
  m_Enabled: 1
--- !u!1 &1000013329013634
GameObject:
  m_ObjectHideFlags: 0
  m_CorrespondingSourceObject: {fileID: 0}
  m_PrefabInstance: {fileID: 0}
  m_PrefabAsset: {fileID: 0}
  serializedVersion: 6
  m_Component:
  - component: {fileID: 4000010395555628}
  - component: {fileID: 33000011396892040}
  - component: {fileID: 23000012750356546}
  - component: {fileID: 1610147067599770909}
  - component: {fileID: -8590348720021657778}
  m_Layer: 10
  m_Name: Truck_10C
  m_TagString: Obstacles
  m_Icon: {fileID: 0}
  m_NavMeshLayer: 0
  m_StaticEditorFlags: 22
  m_IsActive: 1
--- !u!4 &4000010395555628
Transform:
  m_ObjectHideFlags: 0
  m_CorrespondingSourceObject: {fileID: 0}
  m_PrefabInstance: {fileID: 0}
  m_PrefabAsset: {fileID: 0}
  m_GameObject: {fileID: 1000013329013634}
  m_LocalRotation: {x: 0, y: 0, z: 0, w: 1}
  m_LocalPosition: {x: 0, y: 0, z: 0}
  m_LocalScale: {x: 1.2, y: 1.2, z: 1.2}
  m_Children:
  - {fileID: 4000010369827746}
  - {fileID: 4000014184349344}
  - {fileID: 4000012003457164}
  - {fileID: 4000011940214996}
  - {fileID: 4381825811017967521}
  - {fileID: 66793584928915495}
  - {fileID: 6012011971067317056}
  m_Father: {fileID: 0}
  m_RootOrder: 0
  m_LocalEulerAnglesHint: {x: 0, y: 0, z: 0}
--- !u!33 &33000011396892040
MeshFilter:
  m_ObjectHideFlags: 0
  m_CorrespondingSourceObject: {fileID: 0}
  m_PrefabInstance: {fileID: 0}
  m_PrefabAsset: {fileID: 0}
  m_GameObject: {fileID: 1000013329013634}
  m_Mesh: {fileID: -251151024643506459, guid: e597b6ef79c9e684a9d20725b0106995, type: 3}
--- !u!23 &23000012750356546
MeshRenderer:
  m_ObjectHideFlags: 0
  m_CorrespondingSourceObject: {fileID: 0}
  m_PrefabInstance: {fileID: 0}
  m_PrefabAsset: {fileID: 0}
  m_GameObject: {fileID: 1000013329013634}
  m_Enabled: 1
  m_CastShadows: 1
  m_ReceiveShadows: 0
  m_DynamicOccludee: 1
  m_MotionVectors: 1
  m_LightProbeUsage: 1
  m_ReflectionProbeUsage: 1
  m_RayTracingMode: 2
  m_RayTraceProcedural: 0
  m_RenderingLayerMask: 1
  m_RendererPriority: 0
  m_Materials:
  - {fileID: 2100000, guid: 583a671e1d2fd49b994d997ea69357cc, type: 2}
  m_StaticBatchInfo:
    firstSubMesh: 0
    subMeshCount: 0
  m_StaticBatchRoot: {fileID: 0}
  m_ProbeAnchor: {fileID: 0}
  m_LightProbeVolumeOverride: {fileID: 0}
  m_ScaleInLightmap: 1
  m_ReceiveGI: 1
  m_PreserveUVs: 0
  m_IgnoreNormalsForChartDetection: 0
  m_ImportantGI: 0
  m_StitchLightmapSeams: 0
  m_SelectedEditorRenderState: 3
  m_MinimumChartSize: 4
  m_AutoUVMaxDistance: 0.5
  m_AutoUVMaxAngle: 89
  m_LightmapParameters: {fileID: 0}
  m_SortingLayerID: 0
  m_SortingLayer: 0
  m_SortingOrder: 0
  m_AdditionalVertexStreams: {fileID: 0}
--- !u!65 &1610147067599770909
BoxCollider:
  m_ObjectHideFlags: 0
  m_CorrespondingSourceObject: {fileID: 0}
  m_PrefabInstance: {fileID: 0}
  m_PrefabAsset: {fileID: 0}
  m_GameObject: {fileID: 1000013329013634}
  m_Material: {fileID: 0}
  m_IsTrigger: 0
  m_Enabled: 1
  serializedVersion: 2
  m_Size: {x: 2.34, y: 1.64, z: 5.9832153}
  m_Center: {x: 0, y: 0.58, z: 0.11029041}
--- !u!114 &-8590348720021657778
MonoBehaviour:
  m_ObjectHideFlags: 0
  m_CorrespondingSourceObject: {fileID: 0}
  m_PrefabInstance: {fileID: 0}
  m_PrefabAsset: {fileID: 0}
  m_GameObject: {fileID: 1000013329013634}
  m_Enabled: 1
  m_EditorHideFlags: 0
  m_Script: {fileID: 11500000, guid: 05c79cc89b69b4b5fa645636dda72f25, type: 3}
  m_Name: 
  m_EditorClassIdentifier: 
  id: truck_3
  mass: 400
  centerOfMass: {fileID: 7273949778702222832}
  rearEndPosition: {fileID: 0}
  wheels:
  - {fileID: 6769254588510767834}
  - {fileID: 3260059794984211206}
  - {fileID: 4502877470099483388}
  - {fileID: 8464539702179078793}
  type: 2
  turnLights: {fileID: 1029261496967060045}
  headLights: {fileID: 8002469750664996297}
  smokeOnLowHealth: {fileID: 0}
  frontEndPosition: {fileID: 0}
  policeLight: {fileID: 0}
  isPlayer: 0
--- !u!1 &1393994754599252148
GameObject:
  m_ObjectHideFlags: 0
  m_CorrespondingSourceObject: {fileID: 0}
  m_PrefabInstance: {fileID: 0}
  m_PrefabAsset: {fileID: 0}
  serializedVersion: 6
  m_Component:
  - component: {fileID: 66793584928915495}
  - component: {fileID: 1029261496967060045}
  m_Layer: 10
  m_Name: lights
  m_TagString: Untagged
  m_Icon: {fileID: 0}
  m_NavMeshLayer: 0
  m_StaticEditorFlags: 22
  m_IsActive: 1
--- !u!4 &66793584928915495
Transform:
  m_ObjectHideFlags: 0
  m_CorrespondingSourceObject: {fileID: 0}
  m_PrefabInstance: {fileID: 0}
  m_PrefabAsset: {fileID: 0}
  m_GameObject: {fileID: 1393994754599252148}
  m_LocalRotation: {x: -0, y: -0, z: -0, w: 1}
  m_LocalPosition: {x: 0, y: -1.58, z: 3.54}
  m_LocalScale: {x: 2.2463999, y: 2.2463999, z: 2.2463999}
  m_Children:
  - {fileID: 1769955068688097964}
  - {fileID: 975421417182389840}
  m_Father: {fileID: 4000010395555628}
  m_RootOrder: 5
  m_LocalEulerAnglesHint: {x: 0, y: 0, z: 0}
--- !u!114 &1029261496967060045
MonoBehaviour:
  m_ObjectHideFlags: 0
  m_CorrespondingSourceObject: {fileID: 0}
  m_PrefabInstance: {fileID: 0}
  m_PrefabAsset: {fileID: 0}
  m_GameObject: {fileID: 1393994754599252148}
  m_Enabled: 1
  m_EditorHideFlags: 0
  m_Script: {fileID: 11500000, guid: f116dbc7699b4844cb9288300d6b5066, type: 3}
  m_Name: 
  m_EditorClassIdentifier: 
  left: {fileID: 6249456630997863567}
  right: {fileID: 2525770031805358361}
--- !u!1 &2675016351940564668
GameObject:
  m_ObjectHideFlags: 0
  m_CorrespondingSourceObject: {fileID: 0}
  m_PrefabInstance: {fileID: 0}
  m_PrefabAsset: {fileID: 0}
  serializedVersion: 6
  m_Component:
  - component: {fileID: 8264015928206041035}
  - component: {fileID: 7145972006668881858}
  m_Layer: 10
  m_Name: right
  m_TagString: Untagged
  m_Icon: {fileID: 0}
  m_NavMeshLayer: 0
  m_StaticEditorFlags: 22
  m_IsActive: 1
--- !u!4 &8264015928206041035
Transform:
  m_ObjectHideFlags: 0
  m_CorrespondingSourceObject: {fileID: 0}
  m_PrefabInstance: {fileID: 0}
  m_PrefabAsset: {fileID: 0}
  m_GameObject: {fileID: 2675016351940564668}
  m_LocalRotation: {x: -0.07189076, y: -0, z: -0, w: 0.99741256}
  m_LocalPosition: {x: -0.345, y: 0, z: 0}
  m_LocalScale: {x: 1, y: 1, z: 1}
  m_Children: []
  m_Father: {fileID: 6012011971067317056}
  m_RootOrder: 1
  m_LocalEulerAnglesHint: {x: -8.245001, y: 0, z: 0}
--- !u!108 &7145972006668881858
Light:
  m_ObjectHideFlags: 0
  m_CorrespondingSourceObject: {fileID: 0}
  m_PrefabInstance: {fileID: 0}
  m_PrefabAsset: {fileID: 0}
  m_GameObject: {fileID: 2675016351940564668}
  m_Enabled: 1
  serializedVersion: 10
  m_Type: 0
  m_Shape: 0
  m_Color: {r: 1, g: 0.959212, b: 0.9009434, a: 1}
  m_Intensity: 30
  m_Range: 1
  m_SpotAngle: 1
  m_InnerSpotAngle: 1
  m_CookieSize: 10
  m_Shadows:
    m_Type: 0
    m_Resolution: -1
    m_CustomResolution: -1
    m_Strength: 1
    m_Bias: 0
    m_NormalBias: 0.68
    m_NearPlane: 0.1
    m_CullingMatrixOverride:
      e00: 1
      e01: 0
      e02: 0
      e03: 0
      e10: 0
      e11: 1
      e12: 0
      e13: 0
      e20: 0
      e21: 0
      e22: 1
      e23: 0
      e30: 0
      e31: 0
      e32: 0
      e33: 1
    m_UseCullingMatrixOverride: 0
  m_Cookie: {fileID: 0}
  m_DrawHalo: 0
  m_Flare: {fileID: 0}
  m_RenderMode: 0
  m_CullingMask:
    serializedVersion: 2
    m_Bits: 1280
  m_RenderingLayerMask: 1
  m_Lightmapping: 4
  m_LightShadowCasterMode: 0
  m_AreaSize: {x: 1, y: 1}
  m_BounceIntensity: 0
  m_ColorTemperature: 6570
  m_UseColorTemperature: 0
  m_BoundingSphereOverride: {x: 0, y: 0, z: 0, w: 0}
  m_UseBoundingSphereOverride: 0
  m_ShadowRadius: 0
  m_ShadowAngle: 0
--- !u!1 &4166333604563813107
GameObject:
  m_ObjectHideFlags: 0
  m_CorrespondingSourceObject: {fileID: 0}
  m_PrefabInstance: {fileID: 0}
  m_PrefabAsset: {fileID: 0}
  serializedVersion: 6
  m_Component:
  - component: {fileID: 1769955068688097964}
  - component: {fileID: 6249456630997863567}
  - component: {fileID: 8681192237825019129}
  m_Layer: 10
  m_Name: left
  m_TagString: Untagged
  m_Icon: {fileID: 0}
  m_NavMeshLayer: 0
  m_StaticEditorFlags: 22
  m_IsActive: 1
--- !u!4 &1769955068688097964
Transform:
  m_ObjectHideFlags: 0
  m_CorrespondingSourceObject: {fileID: 0}
  m_PrefabInstance: {fileID: 0}
  m_PrefabAsset: {fileID: 0}
  m_GameObject: {fileID: 4166333604563813107}
  m_LocalRotation: {x: 0, y: 0, z: 0, w: 1}
  m_LocalPosition: {x: -0.474, y: 0.947, z: -2.803}
  m_LocalScale: {x: 1, y: 1, z: 1}
  m_Children: []
  m_Father: {fileID: 66793584928915495}
  m_RootOrder: 0
  m_LocalEulerAnglesHint: {x: 0, y: 0, z: 0}
--- !u!108 &6249456630997863567
Light:
  m_ObjectHideFlags: 0
  m_CorrespondingSourceObject: {fileID: 0}
  m_PrefabInstance: {fileID: 0}
  m_PrefabAsset: {fileID: 0}
  m_GameObject: {fileID: 4166333604563813107}
  m_Enabled: 0
  serializedVersion: 10
  m_Type: 2
  m_Shape: 0
  m_Color: {r: 1, g: 0.5882353, b: 0, a: 1}
  m_Intensity: 0.2
  m_Range: 1
  m_SpotAngle: 30
  m_InnerSpotAngle: 21.802082
  m_CookieSize: 10
  m_Shadows:
    m_Type: 0
    m_Resolution: -1
    m_CustomResolution: -1
    m_Strength: 1
    m_Bias: 0
    m_NormalBias: 0.68
    m_NearPlane: 0.1
    m_CullingMatrixOverride:
      e00: 1
      e01: 0
      e02: 0
      e03: 0
      e10: 0
      e11: 1
      e12: 0
      e13: 0
      e20: 0
      e21: 0
      e22: 1
      e23: 0
      e30: 0
      e31: 0
      e32: 0
      e33: 1
    m_UseCullingMatrixOverride: 0
  m_Cookie: {fileID: 0}
  m_DrawHalo: 0
  m_Flare: {fileID: 0}
  m_RenderMode: 0
  m_CullingMask:
    serializedVersion: 2
    m_Bits: 1024
  m_RenderingLayerMask: 1
  m_Lightmapping: 4
  m_LightShadowCasterMode: 0
  m_AreaSize: {x: 1, y: 1}
  m_BounceIntensity: 0
  m_ColorTemperature: 6570
  m_UseColorTemperature: 0
  m_BoundingSphereOverride: {x: 0, y: 0, z: 0, w: 0}
  m_UseBoundingSphereOverride: 0
  m_ShadowRadius: 0
  m_ShadowAngle: 0
--- !u!114 &8681192237825019129
MonoBehaviour:
  m_ObjectHideFlags: 0
  m_CorrespondingSourceObject: {fileID: 0}
  m_PrefabInstance: {fileID: 0}
  m_PrefabAsset: {fileID: 0}
  m_GameObject: {fileID: 4166333604563813107}
  m_Enabled: 1
  m_EditorHideFlags: 0
  m_Script: {fileID: 11500000, guid: e6b98774946a3468298e6d7482977e1a, type: 3}
  m_Name: 
  m_EditorClassIdentifier: 
  waveform: 1
  warningFrequency: 0
  attackFrequency: 3
  turnImage: {fileID: 0}
  multipleChildLights: 0
--- !u!1 &7273949778702222832
GameObject:
  m_ObjectHideFlags: 0
  m_CorrespondingSourceObject: {fileID: 0}
  m_PrefabInstance: {fileID: 0}
  m_PrefabAsset: {fileID: 0}
  serializedVersion: 6
  m_Component:
  - component: {fileID: 4381825811017967521}
  m_Layer: 0
  m_Name: CoM
  m_TagString: Untagged
  m_Icon: {fileID: 0}
  m_NavMeshLayer: 0
  m_StaticEditorFlags: 22
  m_IsActive: 1
--- !u!4 &4381825811017967521
Transform:
  m_ObjectHideFlags: 0
  m_CorrespondingSourceObject: {fileID: 0}
  m_PrefabInstance: {fileID: 0}
  m_PrefabAsset: {fileID: 0}
  m_GameObject: {fileID: 7273949778702222832}
  m_LocalRotation: {x: -0, y: -0, z: -0, w: 1}
  m_LocalPosition: {x: 0, y: 0.442, z: 1.404}
  m_LocalScale: {x: 1.3, y: 1.3, z: 1.3}
  m_Children: []
  m_Father: {fileID: 4000010395555628}
  m_RootOrder: 4
  m_LocalEulerAnglesHint: {x: 0, y: 0, z: 0}
--- !u!1 &7286076795323469488
GameObject:
  m_ObjectHideFlags: 0
  m_CorrespondingSourceObject: {fileID: 0}
  m_PrefabInstance: {fileID: 0}
  m_PrefabAsset: {fileID: 0}
  serializedVersion: 6
  m_Component:
  - component: {fileID: 6012011971067317056}
  - component: {fileID: 8002469750664996297}
  m_Layer: 10
  m_Name: headLights
  m_TagString: Untagged
  m_Icon: {fileID: 0}
  m_NavMeshLayer: 0
  m_StaticEditorFlags: 22
  m_IsActive: 1
--- !u!4 &6012011971067317056
Transform:
  m_ObjectHideFlags: 0
  m_CorrespondingSourceObject: {fileID: 0}
  m_PrefabInstance: {fileID: 0}
  m_PrefabAsset: {fileID: 0}
  m_GameObject: {fileID: 7286076795323469488}
  m_LocalRotation: {x: -0, y: -0, z: -0, w: 1}
  m_LocalPosition: {x: 0, y: 0.87, z: 2.84}
  m_LocalScale: {x: 2.2463999, y: 2.2463999, z: 2.2463999}
  m_Children:
  - {fileID: 7967954013775771523}
  - {fileID: 8264015928206041035}
  m_Father: {fileID: 4000010395555628}
  m_RootOrder: 6
  m_LocalEulerAnglesHint: {x: 0, y: 0, z: 0}
--- !u!114 &8002469750664996297
MonoBehaviour:
  m_ObjectHideFlags: 0
  m_CorrespondingSourceObject: {fileID: 0}
  m_PrefabInstance: {fileID: 0}
  m_PrefabAsset: {fileID: 0}
  m_GameObject: {fileID: 7286076795323469488}
  m_Enabled: 1
  m_EditorHideFlags: 0
  m_Script: {fileID: 11500000, guid: e6b98774946a3468298e6d7482977e1a, type: 3}
  m_Name: 
  m_EditorClassIdentifier: 
  waveform: 1
  warningFrequency: 3
  attackFrequency: 3
  turnImage: {fileID: 0}
  multipleChildLights: 1
--- !u!1 &7527143395858600636
GameObject:
  m_ObjectHideFlags: 0
  m_CorrespondingSourceObject: {fileID: 0}
  m_PrefabInstance: {fileID: 0}
  m_PrefabAsset: {fileID: 0}
  serializedVersion: 6
  m_Component:
  - component: {fileID: 975421417182389840}
  - component: {fileID: 2525770031805358361}
  - component: {fileID: 8970835395225383674}
  m_Layer: 10
  m_Name: right
  m_TagString: Untagged
  m_Icon: {fileID: 0}
  m_NavMeshLayer: 0
  m_StaticEditorFlags: 22
  m_IsActive: 1
--- !u!4 &975421417182389840
Transform:
  m_ObjectHideFlags: 0
  m_CorrespondingSourceObject: {fileID: 0}
  m_PrefabInstance: {fileID: 0}
  m_PrefabAsset: {fileID: 0}
  m_GameObject: {fileID: 7527143395858600636}
  m_LocalRotation: {x: 0, y: 0, z: 0, w: 1}
  m_LocalPosition: {x: 0.469, y: 0.961, z: -2.803}
  m_LocalScale: {x: 1, y: 1, z: 1}
  m_Children: []
  m_Father: {fileID: 66793584928915495}
  m_RootOrder: 1
  m_LocalEulerAnglesHint: {x: 0, y: 0, z: 0}
--- !u!108 &2525770031805358361
Light:
  m_ObjectHideFlags: 0
  m_CorrespondingSourceObject: {fileID: 0}
  m_PrefabInstance: {fileID: 0}
  m_PrefabAsset: {fileID: 0}
  m_GameObject: {fileID: 7527143395858600636}
  m_Enabled: 0
  serializedVersion: 10
  m_Type: 2
  m_Shape: 0
  m_Color: {r: 1, g: 0.5882353, b: 0, a: 1}
  m_Intensity: 0.2
  m_Range: 1
  m_SpotAngle: 30
  m_InnerSpotAngle: 21.802082
  m_CookieSize: 10
  m_Shadows:
    m_Type: 0
    m_Resolution: -1
    m_CustomResolution: -1
    m_Strength: 1
    m_Bias: 0
    m_NormalBias: 0.68
    m_NearPlane: 0.1
    m_CullingMatrixOverride:
      e00: 1
      e01: 0
      e02: 0
      e03: 0
      e10: 0
      e11: 1
      e12: 0
      e13: 0
      e20: 0
      e21: 0
      e22: 1
      e23: 0
      e30: 0
      e31: 0
      e32: 0
      e33: 1
    m_UseCullingMatrixOverride: 0
  m_Cookie: {fileID: 0}
  m_DrawHalo: 0
  m_Flare: {fileID: 0}
  m_RenderMode: 0
  m_CullingMask:
    serializedVersion: 2
    m_Bits: 1024
  m_RenderingLayerMask: 1
  m_Lightmapping: 4
  m_LightShadowCasterMode: 0
  m_AreaSize: {x: 1, y: 1}
  m_BounceIntensity: 0
  m_ColorTemperature: 6570
  m_UseColorTemperature: 0
  m_BoundingSphereOverride: {x: 0, y: 0, z: 0, w: 0}
  m_UseBoundingSphereOverride: 0
  m_ShadowRadius: 0
  m_ShadowAngle: 0
--- !u!114 &8970835395225383674
MonoBehaviour:
  m_ObjectHideFlags: 0
  m_CorrespondingSourceObject: {fileID: 0}
  m_PrefabInstance: {fileID: 0}
  m_PrefabAsset: {fileID: 0}
  m_GameObject: {fileID: 7527143395858600636}
  m_Enabled: 1
  m_EditorHideFlags: 0
  m_Script: {fileID: 11500000, guid: e6b98774946a3468298e6d7482977e1a, type: 3}
  m_Name: 
  m_EditorClassIdentifier: 
  waveform: 1
  warningFrequency: 0
  attackFrequency: 3
  turnImage: {fileID: 0}
  multipleChildLights: 0
--- !u!1 &8813629899590848179
GameObject:
  m_ObjectHideFlags: 0
  m_CorrespondingSourceObject: {fileID: 0}
  m_PrefabInstance: {fileID: 0}
  m_PrefabAsset: {fileID: 0}
  serializedVersion: 6
  m_Component:
  - component: {fileID: 7967954013775771523}
  - component: {fileID: 6414607825647154193}
  m_Layer: 10
  m_Name: left
  m_TagString: Untagged
  m_Icon: {fileID: 0}
  m_NavMeshLayer: 0
  m_StaticEditorFlags: 22
  m_IsActive: 1
--- !u!4 &7967954013775771523
Transform:
  m_ObjectHideFlags: 0
  m_CorrespondingSourceObject: {fileID: 0}
  m_PrefabInstance: {fileID: 0}
  m_PrefabAsset: {fileID: 0}
  m_GameObject: {fileID: 8813629899590848179}
  m_LocalRotation: {x: -0.07189076, y: -0, z: -0, w: 0.99741256}
  m_LocalPosition: {x: 0.345, y: 0, z: 0}
  m_LocalScale: {x: 1, y: 1, z: 1}
  m_Children: []
  m_Father: {fileID: 6012011971067317056}
  m_RootOrder: 0
  m_LocalEulerAnglesHint: {x: -8.245001, y: 0, z: 0}
--- !u!108 &6414607825647154193
Light:
  m_ObjectHideFlags: 0
  m_CorrespondingSourceObject: {fileID: 0}
  m_PrefabInstance: {fileID: 0}
  m_PrefabAsset: {fileID: 0}
  m_GameObject: {fileID: 8813629899590848179}
  m_Enabled: 1
  serializedVersion: 10
  m_Type: 0
  m_Shape: 0
  m_Color: {r: 1, g: 0.959212, b: 0.9009434, a: 1}
  m_Intensity: 30
  m_Range: 1
  m_SpotAngle: 1
  m_InnerSpotAngle: 1
  m_CookieSize: 10
  m_Shadows:
    m_Type: 0
    m_Resolution: -1
    m_CustomResolution: -1
    m_Strength: 1
    m_Bias: 0
    m_NormalBias: 0.68
    m_NearPlane: 0.1
    m_CullingMatrixOverride:
      e00: 1
      e01: 0
      e02: 0
      e03: 0
      e10: 0
      e11: 1
      e12: 0
      e13: 0
      e20: 0
      e21: 0
      e22: 1
      e23: 0
      e30: 0
      e31: 0
      e32: 0
      e33: 1
    m_UseCullingMatrixOverride: 0
  m_Cookie: {fileID: 0}
  m_DrawHalo: 0
  m_Flare: {fileID: 0}
  m_RenderMode: 0
  m_CullingMask:
    serializedVersion: 2
    m_Bits: 1280
  m_RenderingLayerMask: 1
  m_Lightmapping: 4
  m_LightShadowCasterMode: 0
  m_AreaSize: {x: 1, y: 1}
  m_BounceIntensity: 0
  m_ColorTemperature: 6570
  m_UseColorTemperature: 0
  m_BoundingSphereOverride: {x: 0, y: 0, z: 0, w: 0}
  m_UseBoundingSphereOverride: 0
  m_ShadowRadius: 0
  m_ShadowAngle: 0
