%YAML 1.1
%TAG !u! tag:unity3d.com,2011:
--- !u!1 &1559464623955436
GameObject:
  m_ObjectHideFlags: 0
  m_CorrespondingSourceObject: {fileID: 0}
  m_PrefabInstance: {fileID: 0}
  m_PrefabAsset: {fileID: 0}
  serializedVersion: 6
  m_Component:
  - component: {fileID: 4207876901952492}
  m_Layer: 12
  m_Name: clock
  m_TagString: clock
  m_Icon: {fileID: 0}
  m_NavMeshLayer: 0
  m_StaticEditorFlags: 0
  m_IsActive: 1
--- !u!4 &4207876901952492
Transform:
  m_ObjectHideFlags: 0
  m_CorrespondingSourceObject: {fileID: 0}
  m_PrefabInstance: {fileID: 0}
  m_PrefabAsset: {fileID: 0}
  m_GameObject: {fileID: 1559464623955436}
  m_LocalRotation: {x: 0, y: 0, z: 0, w: 1}
  m_LocalPosition: {x: 0, y: 0, z: 0}
  m_LocalScale: {x: 1, y: 1, z: 1}
  m_Children:
  - {fileID: 6535631176783085756}
  - {fileID: 5623252455519528213}
  m_Father: {fileID: 0}
  m_RootOrder: 0
  m_LocalEulerAnglesHint: {x: 0, y: 0, z: 0}
--- !u!1 &6277190543612834614
GameObject:
  m_ObjectHideFlags: 0
  m_CorrespondingSourceObject: {fileID: 0}
  m_PrefabInstance: {fileID: 0}
  m_PrefabAsset: {fileID: 0}
  serializedVersion: 6
  m_Component:
  - component: {fileID: 5623252455519528213}
  - component: {fileID: 1176862194141582711}
  - component: {fileID: 5296550291480234122}
  - component: {fileID: 7561686182541420017}
  - component: {fileID: 145967339652337480}
  m_Layer: 12
  m_Name: model
  m_TagString: clock
  m_Icon: {fileID: 0}
  m_NavMeshLayer: 0
  m_StaticEditorFlags: 0
  m_IsActive: 1
--- !u!4 &5623252455519528213
Transform:
  m_ObjectHideFlags: 0
  m_CorrespondingSourceObject: {fileID: 0}
  m_PrefabInstance: {fileID: 0}
  m_PrefabAsset: {fileID: 0}
  m_GameObject: {fileID: 6277190543612834614}
  m_LocalRotation: {x: 0, y: 0, z: 0, w: 1}
  m_LocalPosition: {x: 0, y: 5, z: 0}
  m_LocalScale: {x: 3, y: 3, z: 0}
  m_Children:
  - {fileID: 4838265341705714305}
  m_Father: {fileID: 4207876901952492}
  m_RootOrder: 1
  m_LocalEulerAnglesHint: {x: 0, y: 0, z: 0}
--- !u!135 &1176862194141582711
SphereCollider:
  m_ObjectHideFlags: 0
  m_CorrespondingSourceObject: {fileID: 0}
  m_PrefabInstance: {fileID: 0}
  m_PrefabAsset: {fileID: 0}
  m_GameObject: {fileID: 6277190543612834614}
  m_Material: {fileID: 0}
  m_IsTrigger: 1
  m_Enabled: 1
  serializedVersion: 2
  m_Radius: 1.4
  m_Center: {x: 0, y: -1.65, z: 0}
--- !u!82 &5296550291480234122
AudioSource:
  m_ObjectHideFlags: 0
  m_CorrespondingSourceObject: {fileID: 0}
  m_PrefabInstance: {fileID: 0}
  m_PrefabAsset: {fileID: 0}
  m_GameObject: {fileID: 6277190543612834614}
  m_Enabled: 1
  serializedVersion: 4
  OutputAudioMixerGroup: {fileID: 0}
  m_audioClip: {fileID: 8300000, guid: 091b43510e9ec4ee88346a1cc7024fdf, type: 3}
  m_PlayOnAwake: 0
  m_Volume: 0.5
  m_Pitch: 1
  Loop: 0
  Mute: 0
  Spatialize: 0
  SpatializePostEffects: 0
  Priority: 128
  DopplerLevel: 1
  MinDistance: 1
  MaxDistance: 500
  Pan2D: 0
  rolloffMode: 0
  BypassEffects: 0
  BypassListenerEffects: 0
  BypassReverbZones: 0
  rolloffCustomCurve:
    serializedVersion: 2
    m_Curve:
    - serializedVersion: 3
      time: 0
      value: 1
      inSlope: 0
      outSlope: 0
      tangentMode: 0
      weightedMode: 0
      inWeight: 0.33333334
      outWeight: 0.33333334
    - serializedVersion: 3
      time: 1
      value: 0
      inSlope: 0
      outSlope: 0
      tangentMode: 0
      weightedMode: 0
      inWeight: 0.33333334
      outWeight: 0.33333334
    m_PreInfinity: 2
    m_PostInfinity: 2
    m_RotationOrder: 4
  panLevelCustomCurve:
    serializedVersion: 2
    m_Curve:
    - serializedVersion: 3
      time: 0
      value: 0
      inSlope: 0
      outSlope: 0
      tangentMode: 0
      weightedMode: 0
      inWeight: 0.33333334
      outWeight: 0.33333334
    m_PreInfinity: 2
    m_PostInfinity: 2
    m_RotationOrder: 4
  spreadCustomCurve:
    serializedVersion: 2
    m_Curve:
    - serializedVersion: 3
      time: 0
      value: 0
      inSlope: 0
      outSlope: 0
      tangentMode: 0
      weightedMode: 0
      inWeight: 0.33333334
      outWeight: 0.33333334
    m_PreInfinity: 2
    m_PostInfinity: 2
    m_RotationOrder: 4
  reverbZoneMixCustomCurve:
    serializedVersion: 2
    m_Curve:
    - serializedVersion: 3
      time: 0
      value: 1
      inSlope: 0
      outSlope: 0
      tangentMode: 0
      weightedMode: 0
      inWeight: 0.33333334
      outWeight: 0.33333334
    m_PreInfinity: 2
    m_PostInfinity: 2
    m_RotationOrder: 4
--- !u!212 &7561686182541420017
SpriteRenderer:
  m_ObjectHideFlags: 0
  m_CorrespondingSourceObject: {fileID: 0}
  m_PrefabInstance: {fileID: 0}
  m_PrefabAsset: {fileID: 0}
  m_GameObject: {fileID: 6277190543612834614}
  m_Enabled: 1
  m_CastShadows: 0
  m_ReceiveShadows: 0
  m_DynamicOccludee: 1
  m_MotionVectors: 1
  m_LightProbeUsage: 1
  m_ReflectionProbeUsage: 1
  m_RayTracingMode: 0
  m_RayTraceProcedural: 0
  m_RenderingLayerMask: 1
  m_RendererPriority: 0
  m_Materials:
  - {fileID: 2100000, guid: 2b0a84c1e2a674b6bb199253d15d9521, type: 2}
  m_StaticBatchInfo:
    firstSubMesh: 0
    subMeshCount: 0
  m_StaticBatchRoot: {fileID: 0}
  m_ProbeAnchor: {fileID: 0}
  m_LightProbeVolumeOverride: {fileID: 0}
  m_ScaleInLightmap: 1
  m_ReceiveGI: 1
  m_PreserveUVs: 0
  m_IgnoreNormalsForChartDetection: 0
  m_ImportantGI: 0
  m_StitchLightmapSeams: 1
  m_SelectedEditorRenderState: 0
  m_MinimumChartSize: 4
  m_AutoUVMaxDistance: 0.5
  m_AutoUVMaxAngle: 89
  m_LightmapParameters: {fileID: 0}
  m_SortingLayerID: 0
  m_SortingLayer: 0
  m_SortingOrder: 0
  m_Sprite: {fileID: 21300000, guid: e4df38fa202d0d94abca0236b053b4c0, type: 3}
  m_Color: {r: 1, g: 1, b: 1, a: 1}
  m_FlipX: 0
  m_FlipY: 0
  m_DrawMode: 0
  m_Size: {x: 3.79, y: 3.16}
  m_AdaptiveModeThreshold: 0.5
  m_SpriteTileMode: 0
  m_WasSpriteAssigned: 1
  m_MaskInteraction: 0
  m_SpriteSortPoint: 0
--- !u!114 &145967339652337480
MonoBehaviour:
  m_ObjectHideFlags: 0
  m_CorrespondingSourceObject: {fileID: 0}
  m_PrefabInstance: {fileID: 0}
  m_PrefabAsset: {fileID: 0}
  m_GameObject: {fileID: 6277190543612834614}
  m_Enabled: 1
  m_EditorHideFlags: 0
  m_Script: {fileID: 11500000, guid: 84b59398fbf82b345939c29e852c91bb, type: 3}
  m_Name: 
  m_EditorClassIdentifier: 
  value: 10
  glowEffect: {fileID: 0}
  powerupParticeOnCollect: {fileID: 6535631176767895666}
  powerupPickupSound: {fileID: 5296550291480234122}
  type: 7
--- !u!1 &7114196285511807172
GameObject:
  m_ObjectHideFlags: 0
  m_CorrespondingSourceObject: {fileID: 0}
  m_PrefabInstance: {fileID: 0}
  m_PrefabAsset: {fileID: 0}
  serializedVersion: 6
  m_Component:
  - component: {fileID: 4838265341705714305}
  - component: {fileID: 1486649460906649117}
  m_Layer: 12
  m_Name: glow
  m_TagString: clock
  m_Icon: {fileID: 0}
  m_NavMeshLayer: 0
  m_StaticEditorFlags: 0
  m_IsActive: 1
--- !u!4 &4838265341705714305
Transform:
  m_ObjectHideFlags: 0
  m_CorrespondingSourceObject: {fileID: 0}
  m_PrefabInstance: {fileID: 0}
  m_PrefabAsset: {fileID: 0}
  m_GameObject: {fileID: 7114196285511807172}
  m_LocalRotation: {x: 0, y: 0, z: 0, w: 1}
  m_LocalPosition: {x: 0.009, y: -0.0062, z: 0}
  m_LocalScale: {x: 0.98712647, y: 1.009139, z: 0}
  m_Children: []
  m_Father: {fileID: 5623252455519528213}
  m_RootOrder: 0
  m_LocalEulerAnglesHint: {x: 0, y: 0, z: 0}
--- !u!212 &1486649460906649117
SpriteRenderer:
  m_ObjectHideFlags: 0
  m_CorrespondingSourceObject: {fileID: 0}
  m_PrefabInstance: {fileID: 0}
  m_PrefabAsset: {fileID: 0}
  m_GameObject: {fileID: 7114196285511807172}
  m_Enabled: 1
  m_CastShadows: 0
  m_ReceiveShadows: 0
  m_DynamicOccludee: 1
  m_MotionVectors: 1
  m_LightProbeUsage: 1
  m_ReflectionProbeUsage: 1
  m_RayTracingMode: 0
  m_RayTraceProcedural: 0
  m_RenderingLayerMask: 1
  m_RendererPriority: 0
  m_Materials:
  - {fileID: 10754, guid: 0000000000000000f000000000000000, type: 0}
  m_StaticBatchInfo:
    firstSubMesh: 0
    subMeshCount: 0
  m_StaticBatchRoot: {fileID: 0}
  m_ProbeAnchor: {fileID: 0}
  m_LightProbeVolumeOverride: {fileID: 0}
  m_ScaleInLightmap: 1
  m_ReceiveGI: 1
  m_PreserveUVs: 0
  m_IgnoreNormalsForChartDetection: 0
  m_ImportantGI: 0
  m_StitchLightmapSeams: 1
  m_SelectedEditorRenderState: 0
  m_MinimumChartSize: 4
  m_AutoUVMaxDistance: 0.5
  m_AutoUVMaxAngle: 89
  m_LightmapParameters: {fileID: 0}
  m_SortingLayerID: 0
  m_SortingLayer: 0
  m_SortingOrder: 0
  m_Sprite: {fileID: 21300000, guid: b091fa94de9d73547b8ccb9e9b0fbde0, type: 3}
  m_Color: {r: 1, g: 1, b: 1, a: 0.4}
  m_FlipX: 0
  m_FlipY: 0
  m_DrawMode: 0
  m_Size: {x: 9.09, y: 9.09}
  m_AdaptiveModeThreshold: 0.5
  m_SpriteTileMode: 0
  m_WasSpriteAssigned: 1
  m_MaskInteraction: 0
  m_SpriteSortPoint: 0
--- !u!1001 &6535631176782652524
PrefabInstance:
  m_ObjectHideFlags: 0
  serializedVersion: 2
  m_Modification:
    m_TransformParent: {fileID: 4207876901952492}
    m_Modifications:
    - target: {fileID: 145668, guid: e4fc72c1b3da74d4697708bcd2a9db60, type: 3}
      propertyPath: m_Layer
      value: 12
      objectReference: {fileID: 0}
    - target: {fileID: 145668, guid: e4fc72c1b3da74d4697708bcd2a9db60, type: 3}
      propertyPath: m_TagString
      value: clock
      objectReference: {fileID: 0}
    - target: {fileID: 159062, guid: e4fc72c1b3da74d4697708bcd2a9db60, type: 3}
      propertyPath: m_Name
      value: MagicPillarBlastBlue
      objectReference: {fileID: 0}
    - target: {fileID: 159062, guid: e4fc72c1b3da74d4697708bcd2a9db60, type: 3}
      propertyPath: m_TagString
      value: clock
      objectReference: {fileID: 0}
    - target: {fileID: 159062, guid: e4fc72c1b3da74d4697708bcd2a9db60, type: 3}
      propertyPath: m_Layer
      value: 12
      objectReference: {fileID: 0}
    - target: {fileID: 186300, guid: e4fc72c1b3da74d4697708bcd2a9db60, type: 3}
      propertyPath: m_Layer
      value: 12
      objectReference: {fileID: 0}
    - target: {fileID: 186300, guid: e4fc72c1b3da74d4697708bcd2a9db60, type: 3}
      propertyPath: m_TagString
      value: clock
      objectReference: {fileID: 0}
    - target: {fileID: 197926, guid: e4fc72c1b3da74d4697708bcd2a9db60, type: 3}
      propertyPath: m_Layer
      value: 12
      objectReference: {fileID: 0}
    - target: {fileID: 197926, guid: e4fc72c1b3da74d4697708bcd2a9db60, type: 3}
      propertyPath: m_TagString
      value: clock
      objectReference: {fileID: 0}
    - target: {fileID: 451792, guid: e4fc72c1b3da74d4697708bcd2a9db60, type: 3}
      propertyPath: m_LocalPosition.x
      value: 0
      objectReference: {fileID: 0}
    - target: {fileID: 451792, guid: e4fc72c1b3da74d4697708bcd2a9db60, type: 3}
      propertyPath: m_LocalPosition.y
      value: 3.63
      objectReference: {fileID: 0}
    - target: {fileID: 451792, guid: e4fc72c1b3da74d4697708bcd2a9db60, type: 3}
      propertyPath: m_LocalPosition.z
      value: 0
      objectReference: {fileID: 0}
    - target: {fileID: 451792, guid: e4fc72c1b3da74d4697708bcd2a9db60, type: 3}
      propertyPath: m_LocalRotation.x
      value: 0
      objectReference: {fileID: 0}
    - target: {fileID: 451792, guid: e4fc72c1b3da74d4697708bcd2a9db60, type: 3}
      propertyPath: m_LocalRotation.y
      value: 0
      objectReference: {fileID: 0}
    - target: {fileID: 451792, guid: e4fc72c1b3da74d4697708bcd2a9db60, type: 3}
      propertyPath: m_LocalRotation.z
      value: 0
      objectReference: {fileID: 0}
    - target: {fileID: 451792, guid: e4fc72c1b3da74d4697708bcd2a9db60, type: 3}
      propertyPath: m_LocalRotation.w
      value: 1
      objectReference: {fileID: 0}
    - target: {fileID: 451792, guid: e4fc72c1b3da74d4697708bcd2a9db60, type: 3}
      propertyPath: m_RootOrder
      value: 0
      objectReference: {fileID: 0}
    - target: {fileID: 451792, guid: e4fc72c1b3da74d4697708bcd2a9db60, type: 3}
      propertyPath: m_LocalEulerAnglesHint.x
      value: 0
      objectReference: {fileID: 0}
    - target: {fileID: 451792, guid: e4fc72c1b3da74d4697708bcd2a9db60, type: 3}
      propertyPath: m_LocalEulerAnglesHint.y
      value: 0
      objectReference: {fileID: 0}
    - target: {fileID: 451792, guid: e4fc72c1b3da74d4697708bcd2a9db60, type: 3}
      propertyPath: m_LocalEulerAnglesHint.z
      value: 0
      objectReference: {fileID: 0}
    - target: {fileID: 451792, guid: e4fc72c1b3da74d4697708bcd2a9db60, type: 3}
      propertyPath: m_LocalScale.x
      value: 2
      objectReference: {fileID: 0}
    - target: {fileID: 451792, guid: e4fc72c1b3da74d4697708bcd2a9db60, type: 3}
      propertyPath: m_LocalScale.y
      value: 2
      objectReference: {fileID: 0}
    - target: {fileID: 451792, guid: e4fc72c1b3da74d4697708bcd2a9db60, type: 3}
      propertyPath: m_LocalScale.z
      value: 52
      objectReference: {fileID: 0}
    - target: {fileID: 19838656, guid: e4fc72c1b3da74d4697708bcd2a9db60, type: 3}
      propertyPath: playOnAwake
      value: 0
      objectReference: {fileID: 0}
    - target: {fileID: 19838656, guid: e4fc72c1b3da74d4697708bcd2a9db60, type: 3}
      propertyPath: ColorModule.gradient.maxGradient.key0.r
      value: 0.2627451
      objectReference: {fileID: 0}
    - target: {fileID: 19838656, guid: e4fc72c1b3da74d4697708bcd2a9db60, type: 3}
      propertyPath: ColorModule.gradient.maxGradient.key0.g
      value: 0.9176471
      objectReference: {fileID: 0}
    - target: {fileID: 19838656, guid: e4fc72c1b3da74d4697708bcd2a9db60, type: 3}
      propertyPath: ColorModule.gradient.maxGradient.key0.b
      value: 0.5019608
      objectReference: {fileID: 0}
    - target: {fileID: 19838656, guid: e4fc72c1b3da74d4697708bcd2a9db60, type: 3}
      propertyPath: ColorModule.gradient.maxGradient.ctime1
      value: 65535
      objectReference: {fileID: 0}
    - target: {fileID: 19838656, guid: e4fc72c1b3da74d4697708bcd2a9db60, type: 3}
      propertyPath: ColorModule.gradient.maxGradient.key1.r
      value: 0.2627451
      objectReference: {fileID: 0}
    - target: {fileID: 19838656, guid: e4fc72c1b3da74d4697708bcd2a9db60, type: 3}
      propertyPath: ColorModule.gradient.maxGradient.key1.g
      value: 0.9176471
      objectReference: {fileID: 0}
    - target: {fileID: 19838656, guid: e4fc72c1b3da74d4697708bcd2a9db60, type: 3}
      propertyPath: ColorModule.gradient.maxGradient.key1.b
      value: 0.5019608
      objectReference: {fileID: 0}
    - target: {fileID: 19838656, guid: e4fc72c1b3da74d4697708bcd2a9db60, type: 3}
      propertyPath: ColorModule.gradient.maxGradient.ctime0
      value: 0
      objectReference: {fileID: 0}
    - target: {fileID: 19844658, guid: e4fc72c1b3da74d4697708bcd2a9db60, type: 3}
      propertyPath: playOnAwake
      value: 0
      objectReference: {fileID: 0}
    - target: {fileID: 19844658, guid: e4fc72c1b3da74d4697708bcd2a9db60, type: 3}
      propertyPath: EmissionModule.m_Bursts.Array.data[0].countCurve.scalar
      value: 5
      objectReference: {fileID: 0}
    - target: {fileID: 19844658, guid: e4fc72c1b3da74d4697708bcd2a9db60, type: 3}
      propertyPath: ColorModule.gradient.maxGradient.key1.r
      value: 0.2627451
      objectReference: {fileID: 0}
    - target: {fileID: 19844658, guid: e4fc72c1b3da74d4697708bcd2a9db60, type: 3}
      propertyPath: ColorModule.gradient.maxGradient.key1.g
      value: 0.9176471
      objectReference: {fileID: 0}
    - target: {fileID: 19844658, guid: e4fc72c1b3da74d4697708bcd2a9db60, type: 3}
      propertyPath: ColorModule.gradient.maxGradient.key1.b
      value: 0.5019608
      objectReference: {fileID: 0}
    - target: {fileID: 19847672, guid: e4fc72c1b3da74d4697708bcd2a9db60, type: 3}
      propertyPath: playOnAwake
      value: 0
      objectReference: {fileID: 0}
    - target: {fileID: 19847672, guid: e4fc72c1b3da74d4697708bcd2a9db60, type: 3}
      propertyPath: ColorModule.gradient.maxGradient.key1.r
      value: 0.2627451
      objectReference: {fileID: 0}
    - target: {fileID: 19847672, guid: e4fc72c1b3da74d4697708bcd2a9db60, type: 3}
      propertyPath: ColorModule.gradient.maxGradient.key1.g
      value: 0.9176471
      objectReference: {fileID: 0}
    - target: {fileID: 19847672, guid: e4fc72c1b3da74d4697708bcd2a9db60, type: 3}
      propertyPath: ColorModule.gradient.maxGradient.key1.b
      value: 0.5019608
      objectReference: {fileID: 0}
    - target: {fileID: 19848222, guid: e4fc72c1b3da74d4697708bcd2a9db60, type: 3}
      propertyPath: looping
      value: 0
      objectReference: {fileID: 0}
    - target: {fileID: 19848222, guid: e4fc72c1b3da74d4697708bcd2a9db60, type: 3}
      propertyPath: playOnAwake
      value: 0
      objectReference: {fileID: 0}
    - target: {fileID: 19848222, guid: e4fc72c1b3da74d4697708bcd2a9db60, type: 3}
      propertyPath: InitialModule.maxNumParticles
      value: 10
      objectReference: {fileID: 0}
    - target: {fileID: 19848222, guid: e4fc72c1b3da74d4697708bcd2a9db60, type: 3}
      propertyPath: EmissionModule.m_Bursts.Array.data[0].countCurve.scalar
      value: 1
      objectReference: {fileID: 0}
    - target: {fileID: 19848222, guid: e4fc72c1b3da74d4697708bcd2a9db60, type: 3}
      propertyPath: ColorModule.gradient.maxGradient.key1.r
      value: 0.2627451
      objectReference: {fileID: 0}
    - target: {fileID: 19848222, guid: e4fc72c1b3da74d4697708bcd2a9db60, type: 3}
      propertyPath: ColorModule.gradient.maxGradient.key1.g
      value: 0.9176471
      objectReference: {fileID: 0}
    - target: {fileID: 19848222, guid: e4fc72c1b3da74d4697708bcd2a9db60, type: 3}
      propertyPath: ColorModule.gradient.maxGradient.key1.b
      value: 0.5019608
      objectReference: {fileID: 0}
    - target: {fileID: 19914314, guid: e4fc72c1b3da74d4697708bcd2a9db60, type: 3}
      propertyPath: m_Materials.Array.size
      value: 1
      objectReference: {fileID: 0}
    - target: {fileID: 19920358, guid: e4fc72c1b3da74d4697708bcd2a9db60, type: 3}
      propertyPath: m_Materials.Array.size
      value: 1
      objectReference: {fileID: 0}
    - target: {fileID: 19963660, guid: e4fc72c1b3da74d4697708bcd2a9db60, type: 3}
      propertyPath: m_Materials.Array.size
      value: 1
      objectReference: {fileID: 0}
    - target: {fileID: 19970006, guid: e4fc72c1b3da74d4697708bcd2a9db60, type: 3}
      propertyPath: m_Materials.Array.size
      value: 1
      objectReference: {fileID: 0}
    - target: {fileID: 1711257621825462, guid: e4fc72c1b3da74d4697708bcd2a9db60, type: 3}
      propertyPath: m_Layer
      value: 12
      objectReference: {fileID: 0}
    - target: {fileID: 1711257621825462, guid: e4fc72c1b3da74d4697708bcd2a9db60, type: 3}
      propertyPath: m_TagString
      value: clock
      objectReference: {fileID: 0}
    - target: {fileID: 198807275264453714, guid: e4fc72c1b3da74d4697708bcd2a9db60,
        type: 3}
      propertyPath: playOnAwake
      value: 0
      objectReference: {fileID: 0}
    - target: {fileID: 198807275264453714, guid: e4fc72c1b3da74d4697708bcd2a9db60,
        type: 3}
      propertyPath: InitialModule.startColor.maxColor.r
      value: 0.2627451
      objectReference: {fileID: 0}
    - target: {fileID: 198807275264453714, guid: e4fc72c1b3da74d4697708bcd2a9db60,
        type: 3}
      propertyPath: InitialModule.startColor.maxColor.g
      value: 0.9176471
      objectReference: {fileID: 0}
    - target: {fileID: 198807275264453714, guid: e4fc72c1b3da74d4697708bcd2a9db60,
        type: 3}
      propertyPath: InitialModule.startColor.maxColor.b
      value: 0.5019608
      objectReference: {fileID: 0}
    - target: {fileID: 199442482790322206, guid: e4fc72c1b3da74d4697708bcd2a9db60,
        type: 3}
      propertyPath: m_Materials.Array.size
      value: 1
      objectReference: {fileID: 0}
    m_RemovedComponents: []
  m_SourcePrefab: {fileID: 100100000, guid: e4fc72c1b3da74d4697708bcd2a9db60, type: 3}
--- !u!4 &6535631176783085756 stripped
Transform:
  m_CorrespondingSourceObject: {fileID: 451792, guid: e4fc72c1b3da74d4697708bcd2a9db60,
    type: 3}
  m_PrefabInstance: {fileID: 6535631176782652524}
  m_PrefabAsset: {fileID: 0}
--- !u!198 &6535631176767895666 stripped
ParticleSystem:
  m_CorrespondingSourceObject: {fileID: 19848222, guid: e4fc72c1b3da74d4697708bcd2a9db60,
    type: 3}
  m_PrefabInstance: {fileID: 6535631176782652524}
  m_PrefabAsset: {fileID: 0}
