%YAML 1.1
%TAG !u! tag:unity3d.com,2011:
--- !u!1 &1126933058716553861
GameObject:
  m_ObjectHideFlags: 0
  m_CorrespondingSourceObject: {fileID: 0}
  m_PrefabInstance: {fileID: 0}
  m_PrefabAsset: {fileID: 0}
  serializedVersion: 6
  m_Component:
  - component: {fileID: 1017396474402452875}
  - component: {fileID: 5211138304436884093}
  - component: {fileID: 4448222455396600419}
  m_Layer: 9
  m_Name: left
  m_TagString: nearmiss
  m_Icon: {fileID: 0}
  m_NavMeshLayer: 0
  m_StaticEditorFlags: 2
  m_IsActive: 1
--- !u!4 &1017396474402452875
Transform:
  m_ObjectHideFlags: 0
  m_CorrespondingSourceObject: {fileID: 0}
  m_PrefabInstance: {fileID: 0}
  m_PrefabAsset: {fileID: 0}
  m_GameObject: {fileID: 1126933058716553861}
  m_LocalRotation: {x: 0, y: 0, z: 0, w: 1}
  m_LocalPosition: {x: 0.11, y: 0.67, z: -0}
  m_LocalScale: {x: 1, y: 1, z: 1}
  m_Children: []
  m_Father: {fileID: 7558675674724136108}
  m_RootOrder: 0
  m_LocalEulerAnglesHint: {x: 0, y: 0, z: 0}
--- !u!65 &5211138304436884093
BoxCollider:
  m_ObjectHideFlags: 0
  m_CorrespondingSourceObject: {fileID: 0}
  m_PrefabInstance: {fileID: 0}
  m_PrefabAsset: {fileID: 0}
  m_GameObject: {fileID: 1126933058716553861}
  m_Material: {fileID: 0}
  m_IsTrigger: 1
  m_Enabled: 1
  serializedVersion: 2
  m_Size: {x: 0.2, y: 1.32, z: 4.76}
  m_Center: {x: 0, y: 0, z: 0}
--- !u!114 &4448222455396600419
MonoBehaviour:
  m_ObjectHideFlags: 0
  m_CorrespondingSourceObject: {fileID: 0}
  m_PrefabInstance: {fileID: 0}
  m_PrefabAsset: {fileID: 0}
  m_GameObject: {fileID: 1126933058716553861}
  m_Enabled: 1
  m_EditorHideFlags: 0
  m_Script: {fileID: 11500000, guid: d3fe07b38250b421991932c93b29d19d, type: 3}
  m_Name: 
  m_EditorClassIdentifier: 
  side: 0
  particleSystemPrefab: {fileID: 147642, guid: 2a8c361e6a3e947dc9c4486c4c52e756, type: 3}
  obstacleNearMissPrefab: {fileID: 0}
--- !u!1 &2403704910218957733
GameObject:
  m_ObjectHideFlags: 0
  m_CorrespondingSourceObject: {fileID: 0}
  m_PrefabInstance: {fileID: 0}
  m_PrefabAsset: {fileID: 0}
  serializedVersion: 6
  m_Component:
  - component: {fileID: 7519439197060521320}
  m_Layer: 9
  m_Name: attackLocation
  m_TagString: Player
  m_Icon: {fileID: 0}
  m_NavMeshLayer: 0
  m_StaticEditorFlags: 2
  m_IsActive: 1
--- !u!4 &7519439197060521320
Transform:
  m_ObjectHideFlags: 0
  m_CorrespondingSourceObject: {fileID: 0}
  m_PrefabInstance: {fileID: 0}
  m_PrefabAsset: {fileID: 0}
  m_GameObject: {fileID: 2403704910218957733}
  m_LocalRotation: {x: -0.000000021855694, y: -0, z: -0, w: 1}
  m_LocalPosition: {x: 0, y: 0.381, z: 2.454}
  m_LocalScale: {x: 0.82352936, y: 0.82352936, z: 0.82352936}
  m_Children: []
  m_Father: {fileID: 631863572812546732}
  m_RootOrder: 5
  m_LocalEulerAnglesHint: {x: 0, y: 0, z: 0}
--- !u!1 &3024220463662030152
GameObject:
  m_ObjectHideFlags: 0
  m_CorrespondingSourceObject: {fileID: 0}
  m_PrefabInstance: {fileID: 0}
  m_PrefabAsset: {fileID: 0}
  serializedVersion: 6
  m_Component:
  - component: {fileID: 5663022878737311655}
  m_Layer: 9
  m_Name: CoM
  m_TagString: Player
  m_Icon: {fileID: 0}
  m_NavMeshLayer: 0
  m_StaticEditorFlags: 2
  m_IsActive: 1
--- !u!4 &5663022878737311655
Transform:
  m_ObjectHideFlags: 0
  m_CorrespondingSourceObject: {fileID: 0}
  m_PrefabInstance: {fileID: 0}
  m_PrefabAsset: {fileID: 0}
  m_GameObject: {fileID: 3024220463662030152}
  m_LocalRotation: {x: -0.000000021855694, y: -0, z: -0, w: 1}
  m_LocalPosition: {x: 0, y: 0.38, z: -0.17}
  m_LocalScale: {x: 0.58823526, y: 0.58823526, z: 0.58823526}
  m_Children: []
  m_Father: {fileID: 631863572812546732}
  m_RootOrder: 6
  m_LocalEulerAnglesHint: {x: 0, y: 0, z: 0}
--- !u!1 &4512480703628619967
GameObject:
  m_ObjectHideFlags: 0
  m_CorrespondingSourceObject: {fileID: 0}
  m_PrefabInstance: {fileID: 0}
  m_PrefabAsset: {fileID: 0}
  serializedVersion: 6
  m_Component:
  - component: {fileID: 631863572812546732}
  - component: {fileID: 8475724115705034906}
  - component: {fileID: 2784169350951896163}
  - component: {fileID: 5191274619445590074}
  - component: {fileID: 1241497879765406419}
  m_Layer: 9
  m_Name: city1_mini
  m_TagString: Player
  m_Icon: {fileID: 0}
  m_NavMeshLayer: 0
  m_StaticEditorFlags: 2
  m_IsActive: 1
--- !u!4 &631863572812546732
Transform:
  m_ObjectHideFlags: 0
  m_CorrespondingSourceObject: {fileID: 0}
  m_PrefabInstance: {fileID: 0}
  m_PrefabAsset: {fileID: 0}
  m_GameObject: {fileID: 4512480703628619967}
  m_LocalRotation: {x: 0.000000021855694, y: 0, z: -0, w: 1}
  m_LocalPosition: {x: -0, y: 0, z: 0}
  m_LocalScale: {x: 1.2, y: 1.2, z: 1.2}
  m_Children:
  - {fileID: 7610773302362984913}
  - {fileID: 8091623886474727723}
  - {fileID: 6156553178435439748}
  - {fileID: 7656581006241939997}
  - {fileID: 1298833213336198718}
  - {fileID: 7519439197060521320}
  - {fileID: 5663022878737311655}
  - {fileID: 9073243580783475609}
  - {fileID: 5223199414548730844}
  - {fileID: 7558675674724136108}
  - {fileID: 3520874047035849687}
  m_Father: {fileID: 0}
  m_RootOrder: 0
  m_LocalEulerAnglesHint: {x: 0, y: 0, z: 0}
--- !u!33 &8475724115705034906
MeshFilter:
  m_ObjectHideFlags: 0
  m_CorrespondingSourceObject: {fileID: 0}
  m_PrefabInstance: {fileID: 0}
  m_PrefabAsset: {fileID: 0}
  m_GameObject: {fileID: 4512480703628619967}
  m_Mesh: {fileID: 7472862291514921502, guid: 01dd96220012c47dcb4a054c7246f8ed, type: 3}
--- !u!23 &2784169350951896163
MeshRenderer:
  m_ObjectHideFlags: 0
  m_CorrespondingSourceObject: {fileID: 0}
  m_PrefabInstance: {fileID: 0}
  m_PrefabAsset: {fileID: 0}
  m_GameObject: {fileID: 4512480703628619967}
  m_Enabled: 1
  m_CastShadows: 1
  m_ReceiveShadows: 0
  m_DynamicOccludee: 1
  m_MotionVectors: 1
  m_LightProbeUsage: 1
  m_ReflectionProbeUsage: 1
  m_RayTracingMode: 2
  m_RayTraceProcedural: 0
  m_RenderingLayerMask: 1
  m_RendererPriority: 0
  m_Materials:
  - {fileID: 2100000, guid: 3691a4f973195b2488c47c5940c1372c, type: 2}
  m_StaticBatchInfo:
    firstSubMesh: 0
    subMeshCount: 0
  m_StaticBatchRoot: {fileID: 0}
  m_ProbeAnchor: {fileID: 0}
  m_LightProbeVolumeOverride: {fileID: 0}
  m_ScaleInLightmap: 1
  m_ReceiveGI: 1
  m_PreserveUVs: 0
  m_IgnoreNormalsForChartDetection: 0
  m_ImportantGI: 0
  m_StitchLightmapSeams: 1
  m_SelectedEditorRenderState: 3
  m_MinimumChartSize: 4
  m_AutoUVMaxDistance: 0.5
  m_AutoUVMaxAngle: 89
  m_LightmapParameters: {fileID: 0}
  m_SortingLayerID: 0
  m_SortingLayer: 0
  m_SortingOrder: 0
  m_AdditionalVertexStreams: {fileID: 0}
--- !u!65 &5191274619445590074
BoxCollider:
  m_ObjectHideFlags: 0
  m_CorrespondingSourceObject: {fileID: 0}
  m_PrefabInstance: {fileID: 0}
  m_PrefabAsset: {fileID: 0}
  m_GameObject: {fileID: 4512480703628619967}
  m_Material: {fileID: 0}
  m_IsTrigger: 0
  m_Enabled: 1
  serializedVersion: 2
  m_Size: {x: 2.67, y: 1.2, z: 4.61}
  m_Center: {x: 0, y: 1.27, z: 0.07324004}
--- !u!114 &1241497879765406419
MonoBehaviour:
  m_ObjectHideFlags: 0
  m_CorrespondingSourceObject: {fileID: 0}
  m_PrefabInstance: {fileID: 0}
  m_PrefabAsset: {fileID: 0}
  m_GameObject: {fileID: 4512480703628619967}
  m_Enabled: 1
  m_EditorHideFlags: 0
  m_Script: {fileID: 11500000, guid: 802636f8a0b271a4daa83c2cbc1091f5, type: 3}
  m_Name: 
  m_EditorClassIdentifier: 
  carId: city1_mini
  mass: 100
  centerOfMass: {fileID: 3024220463662030152}
  rearEndPosition: {fileID: 0}
  wheels:
  - {fileID: 7631203067474272900}
  - {fileID: 8084707010695127678}
  - {fileID: 6127683045202984913}
  - {fileID: 7653934531228889416}
  policeLight: {fileID: 8659607023529381822}
  speedBoost: {fileID: 5684554105177021212}
  attackLocation: {fileID: 2403704910218957733}
  explosionForceLocations: {fileID: 6108819442519978604}
  nearMissBehaviours:
  - {fileID: 4448222455396600419}
  - {fileID: 2035186485512992971}
  wheelTrails:
  - {fileID: 6070073098480336698}
  - {fileID: 6495924812225759616}
  screenShot: {fileID: 21300000, guid: 0782ee679eddcfc43848435c48aa2375, type: 3}
  boostCurve:
    serializedVersion: 2
    m_Curve:
    - serializedVersion: 3
      time: 0
      value: -0.004115226
      inSlope: 0
      outSlope: 0
      tangentMode: 136
      weightedMode: 0
      inWeight: 0.33333334
      outWeight: 0.33333334
    - serializedVersion: 3
      time: 0.24967414
      value: 0.7
      inSlope: 0
      outSlope: Infinity
      tangentMode: 97
      weightedMode: 3
      inWeight: 0.33333334
      outWeight: 0.33333334
    - serializedVersion: 3
      time: 0.40231112
      value: 0.7
      inSlope: Infinity
      outSlope: 0
      tangentMode: 7
      weightedMode: 3
      inWeight: 0.33333334
      outWeight: 0.33333334
    - serializedVersion: 3
      time: 0.75
      value: 0
      inSlope: -1.7765763
      outSlope: -1.7765763
      tangentMode: 0
      weightedMode: 1
      inWeight: 0.2788451
      outWeight: 0.33333334
    m_PreInfinity: 2
    m_PostInfinity: 2
    m_RotationOrder: 4
--- !u!1 &6108819442519978604
GameObject:
  m_ObjectHideFlags: 0
  m_CorrespondingSourceObject: {fileID: 0}
  m_PrefabInstance: {fileID: 0}
  m_PrefabAsset: {fileID: 0}
  serializedVersion: 6
  m_Component:
  - component: {fileID: 9073243580783475609}
  m_Layer: 9
  m_Name: explosionForcePosition
  m_TagString: Untagged
  m_Icon: {fileID: 0}
  m_NavMeshLayer: 0
  m_StaticEditorFlags: 2
  m_IsActive: 1
--- !u!4 &9073243580783475609
Transform:
  m_ObjectHideFlags: 0
  m_CorrespondingSourceObject: {fileID: 0}
  m_PrefabInstance: {fileID: 0}
  m_PrefabAsset: {fileID: 0}
  m_GameObject: {fileID: 6108819442519978604}
  m_LocalRotation: {x: -0.000000021855694, y: -0, z: -0, w: 1}
  m_LocalPosition: {x: 0.29, y: 0.17, z: -1.95}
  m_LocalScale: {x: 0.7142857, y: 0.7142857, z: 0.7142857}
  m_Children: []
  m_Father: {fileID: 631863572812546732}
  m_RootOrder: 7
  m_LocalEulerAnglesHint: {x: 0, y: 0, z: 0}
--- !u!1 &6961429411848518893
GameObject:
  m_ObjectHideFlags: 0
  m_CorrespondingSourceObject: {fileID: 0}
  m_PrefabInstance: {fileID: 0}
  m_PrefabAsset: {fileID: 0}
  serializedVersion: 6
  m_Component:
  - component: {fileID: 5223199414548730844}
  m_Layer: 9
  m_Name: wheel_trails
  m_TagString: Untagged
  m_Icon: {fileID: 0}
  m_NavMeshLayer: 0
  m_StaticEditorFlags: 2
  m_IsActive: 1
--- !u!4 &5223199414548730844
Transform:
  m_ObjectHideFlags: 0
  m_CorrespondingSourceObject: {fileID: 0}
  m_PrefabInstance: {fileID: 0}
  m_PrefabAsset: {fileID: 0}
  m_GameObject: {fileID: 6961429411848518893}
  m_LocalRotation: {x: -0.000000021855694, y: -0, z: -0, w: 1}
  m_LocalPosition: {x: -0.84292805, y: 2.0178206, z: -1.1268172}
  m_LocalScale: {x: 0.7142857, y: 0.7142857, z: 0.7142857}
  m_Children:
  - {fileID: 517474693807139186}
  - {fileID: 663544408266710984}
  m_Father: {fileID: 631863572812546732}
  m_RootOrder: 8
  m_LocalEulerAnglesHint: {x: 0, y: 0, z: 0}
--- !u!1 &7567280844951914558
GameObject:
  m_ObjectHideFlags: 0
  m_CorrespondingSourceObject: {fileID: 0}
  m_PrefabInstance: {fileID: 0}
  m_PrefabAsset: {fileID: 0}
  serializedVersion: 6
  m_Component:
  - component: {fileID: 7558675674724136108}
  - component: {fileID: 7417291282339218790}
  m_Layer: 9
  m_Name: nearMiss
  m_TagString: Player
  m_Icon: {fileID: 0}
  m_NavMeshLayer: 0
  m_StaticEditorFlags: 2
  m_IsActive: 1
--- !u!4 &7558675674724136108
Transform:
  m_ObjectHideFlags: 0
  m_CorrespondingSourceObject: {fileID: 0}
  m_PrefabInstance: {fileID: 0}
  m_PrefabAsset: {fileID: 0}
  m_GameObject: {fileID: 7567280844951914558}
  m_LocalRotation: {x: 0, y: 0, z: 0, w: 1}
  m_LocalPosition: {x: -1.52, y: 0.34, z: -0}
  m_LocalScale: {x: 1, y: 1, z: 1}
  m_Children:
  - {fileID: 1017396474402452875}
  - {fileID: 3236829006981106426}
  m_Father: {fileID: 631863572812546732}
  m_RootOrder: 9
  m_LocalEulerAnglesHint: {x: 0, y: 0, z: 0}
--- !u!82 &7417291282339218790
AudioSource:
  m_ObjectHideFlags: 0
  m_CorrespondingSourceObject: {fileID: 0}
  m_PrefabInstance: {fileID: 0}
  m_PrefabAsset: {fileID: 0}
  m_GameObject: {fileID: 7567280844951914558}
  m_Enabled: 1
  serializedVersion: 4
  OutputAudioMixerGroup: {fileID: 0}
  m_audioClip: {fileID: 8300000, guid: a3fe4877af5954daf8421891099b2afe, type: 3}
  m_PlayOnAwake: 0
  m_Volume: 0.5
  m_Pitch: 1
  Loop: 0
  Mute: 0
  Spatialize: 0
  SpatializePostEffects: 0
  Priority: 128
  DopplerLevel: 1
  MinDistance: 1
  MaxDistance: 500
  Pan2D: 0
  rolloffMode: 0
  BypassEffects: 0
  BypassListenerEffects: 0
  BypassReverbZones: 0
  rolloffCustomCurve:
    serializedVersion: 2
    m_Curve:
    - serializedVersion: 3
      time: 0
      value: 1
      inSlope: 0
      outSlope: 0
      tangentMode: 0
      weightedMode: 0
      inWeight: 0.33333334
      outWeight: 0.33333334
    - serializedVersion: 3
      time: 1
      value: 0
      inSlope: 0
      outSlope: 0
      tangentMode: 0
      weightedMode: 0
      inWeight: 0.33333334
      outWeight: 0.33333334
    m_PreInfinity: 2
    m_PostInfinity: 2
    m_RotationOrder: 4
  panLevelCustomCurve:
    serializedVersion: 2
    m_Curve:
    - serializedVersion: 3
      time: 0
      value: 0
      inSlope: 0
      outSlope: 0
      tangentMode: 0
      weightedMode: 0
      inWeight: 0.33333334
      outWeight: 0.33333334
    m_PreInfinity: 2
    m_PostInfinity: 2
    m_RotationOrder: 4
  spreadCustomCurve:
    serializedVersion: 2
    m_Curve:
    - serializedVersion: 3
      time: 0
      value: 0
      inSlope: 0
      outSlope: 0
      tangentMode: 0
      weightedMode: 0
      inWeight: 0.33333334
      outWeight: 0.33333334
    m_PreInfinity: 2
    m_PostInfinity: 2
    m_RotationOrder: 4
  reverbZoneMixCustomCurve:
    serializedVersion: 2
    m_Curve:
    - serializedVersion: 3
      time: 0
      value: 1
      inSlope: 0
      outSlope: 0
      tangentMode: 0
      weightedMode: 0
      inWeight: 0.33333334
      outWeight: 0.33333334
    m_PreInfinity: 2
    m_PostInfinity: 2
    m_RotationOrder: 4
--- !u!1 &8175742504016357287
GameObject:
  m_ObjectHideFlags: 0
  m_CorrespondingSourceObject: {fileID: 0}
  m_PrefabInstance: {fileID: 0}
  m_PrefabAsset: {fileID: 0}
  serializedVersion: 6
  m_Component:
  - component: {fileID: 3236829006981106426}
  - component: {fileID: 6263969991465491169}
  - component: {fileID: 2035186485512992971}
  m_Layer: 9
  m_Name: right
  m_TagString: nearmiss
  m_Icon: {fileID: 0}
  m_NavMeshLayer: 0
  m_StaticEditorFlags: 2
  m_IsActive: 1
--- !u!4 &3236829006981106426
Transform:
  m_ObjectHideFlags: 0
  m_CorrespondingSourceObject: {fileID: 0}
  m_PrefabInstance: {fileID: 0}
  m_PrefabAsset: {fileID: 0}
  m_GameObject: {fileID: 8175742504016357287}
  m_LocalRotation: {x: 0, y: 0, z: 0, w: 1}
  m_LocalPosition: {x: 2.95, y: 0.67, z: -0}
  m_LocalScale: {x: 1, y: 1, z: 1}
  m_Children: []
  m_Father: {fileID: 7558675674724136108}
  m_RootOrder: 1
  m_LocalEulerAnglesHint: {x: 0, y: 0, z: 0}
--- !u!65 &6263969991465491169
BoxCollider:
  m_ObjectHideFlags: 0
  m_CorrespondingSourceObject: {fileID: 0}
  m_PrefabInstance: {fileID: 0}
  m_PrefabAsset: {fileID: 0}
  m_GameObject: {fileID: 8175742504016357287}
  m_Material: {fileID: 0}
  m_IsTrigger: 1
  m_Enabled: 1
  serializedVersion: 2
  m_Size: {x: 0.2, y: 1.32, z: 4.76}
  m_Center: {x: 0, y: 0, z: 0}
--- !u!114 &2035186485512992971
MonoBehaviour:
  m_ObjectHideFlags: 0
  m_CorrespondingSourceObject: {fileID: 0}
  m_PrefabInstance: {fileID: 0}
  m_PrefabAsset: {fileID: 0}
  m_GameObject: {fileID: 8175742504016357287}
  m_Enabled: 1
  m_EditorHideFlags: 0
  m_Script: {fileID: 11500000, guid: d3fe07b38250b421991932c93b29d19d, type: 3}
  m_Name: 
  m_EditorClassIdentifier: 
  side: 1
  particleSystemPrefab: {fileID: 147642, guid: 2a8c361e6a3e947dc9c4486c4c52e756, type: 3}
  obstacleNearMissPrefab: {fileID: 0}
--- !u!1 &8378560963271518606
GameObject:
  m_ObjectHideFlags: 0
  m_CorrespondingSourceObject: {fileID: 0}
  m_PrefabInstance: {fileID: 0}
  m_PrefabAsset: {fileID: 0}
  serializedVersion: 6
  m_Component:
  - component: {fileID: 1298833213336198718}
  - component: {fileID: 5684554105177021212}
  m_Layer: 9
  m_Name: speedBoost
  m_TagString: Player
  m_Icon: {fileID: 0}
  m_NavMeshLayer: 0
  m_StaticEditorFlags: 2
  m_IsActive: 1
--- !u!4 &1298833213336198718
Transform:
  m_ObjectHideFlags: 0
  m_CorrespondingSourceObject: {fileID: 0}
  m_PrefabInstance: {fileID: 0}
  m_PrefabAsset: {fileID: 0}
  m_GameObject: {fileID: 8378560963271518606}
  m_LocalRotation: {x: -0.000000021855694, y: -0, z: -0, w: 1}
  m_LocalPosition: {x: -0.049411763, y: 0.29, z: -4.76}
  m_LocalScale: {x: 0.82352936, y: 0.82352936, z: 0.82352936}
  m_Children:
  - {fileID: 586897536702567448}
  - {fileID: 1730504095001925461}
  - {fileID: 5374771734669740373}
  - {fileID: 8573825261433302695}
  m_Father: {fileID: 631863572812546732}
  m_RootOrder: 4
  m_LocalEulerAnglesHint: {x: 0, y: 0, z: 0}
--- !u!114 &5684554105177021212
MonoBehaviour:
  m_ObjectHideFlags: 0
  m_CorrespondingSourceObject: {fileID: 0}
  m_PrefabInstance: {fileID: 0}
  m_PrefabAsset: {fileID: 0}
  m_GameObject: {fileID: 8378560963271518606}
  m_Enabled: 1
  m_EditorHideFlags: 0
  m_Script: {fileID: 11500000, guid: 503ad74bd4a5d4b59acf0cf312fb2082, type: 3}
  m_Name: 
  m_EditorClassIdentifier: 
  boostParticles:
  - {fileID: 586897536717713766}
  - {fileID: 1730504095017202219}
  smokeTrail:
  - {fileID: 5374771734654555525}
  - {fileID: 8573825261452751479}
--- !u!1001 &586897536702369448
PrefabInstance:
  m_ObjectHideFlags: 0
  serializedVersion: 2
  m_Modification:
    m_TransformParent: {fileID: 1298833213336198718}
    m_Modifications:
    - target: {fileID: 159618, guid: da5eabb1aa85f48dc8b887f245897e70, type: 3}
      propertyPath: m_Name
      value: boostEffect_L
      objectReference: {fileID: 0}
    - target: {fileID: 159618, guid: da5eabb1aa85f48dc8b887f245897e70, type: 3}
      propertyPath: m_Layer
      value: 9
      objectReference: {fileID: 0}
    - target: {fileID: 159618, guid: da5eabb1aa85f48dc8b887f245897e70, type: 3}
      propertyPath: m_StaticEditorFlags
      value: 2
      objectReference: {fileID: 0}
    - target: {fileID: 196304, guid: da5eabb1aa85f48dc8b887f245897e70, type: 3}
      propertyPath: m_Layer
      value: 9
      objectReference: {fileID: 0}
    - target: {fileID: 196304, guid: da5eabb1aa85f48dc8b887f245897e70, type: 3}
      propertyPath: m_StaticEditorFlags
      value: 2
      objectReference: {fileID: 0}
    - target: {fileID: 465584, guid: da5eabb1aa85f48dc8b887f245897e70, type: 3}
      propertyPath: m_LocalPosition.x
      value: -0.68
      objectReference: {fileID: 0}
    - target: {fileID: 465584, guid: da5eabb1aa85f48dc8b887f245897e70, type: 3}
      propertyPath: m_LocalPosition.y
      value: 0
      objectReference: {fileID: 0}
    - target: {fileID: 465584, guid: da5eabb1aa85f48dc8b887f245897e70, type: 3}
      propertyPath: m_LocalPosition.z
      value: 0.48
      objectReference: {fileID: 0}
    - target: {fileID: 465584, guid: da5eabb1aa85f48dc8b887f245897e70, type: 3}
      propertyPath: m_LocalRotation.x
      value: 1
      objectReference: {fileID: 0}
    - target: {fileID: 465584, guid: da5eabb1aa85f48dc8b887f245897e70, type: 3}
      propertyPath: m_LocalRotation.y
      value: 0
      objectReference: {fileID: 0}
    - target: {fileID: 465584, guid: da5eabb1aa85f48dc8b887f245897e70, type: 3}
      propertyPath: m_LocalRotation.z
      value: 0
      objectReference: {fileID: 0}
    - target: {fileID: 465584, guid: da5eabb1aa85f48dc8b887f245897e70, type: 3}
      propertyPath: m_LocalRotation.w
      value: 0
      objectReference: {fileID: 0}
    - target: {fileID: 465584, guid: da5eabb1aa85f48dc8b887f245897e70, type: 3}
      propertyPath: m_RootOrder
      value: 0
      objectReference: {fileID: 0}
    - target: {fileID: 465584, guid: da5eabb1aa85f48dc8b887f245897e70, type: 3}
      propertyPath: m_LocalEulerAnglesHint.x
      value: 180
      objectReference: {fileID: 0}
    - target: {fileID: 465584, guid: da5eabb1aa85f48dc8b887f245897e70, type: 3}
      propertyPath: m_LocalEulerAnglesHint.y
      value: 0
      objectReference: {fileID: 0}
    - target: {fileID: 465584, guid: da5eabb1aa85f48dc8b887f245897e70, type: 3}
      propertyPath: m_LocalEulerAnglesHint.z
      value: 0
      objectReference: {fileID: 0}
    - target: {fileID: 465584, guid: da5eabb1aa85f48dc8b887f245897e70, type: 3}
      propertyPath: m_LocalScale.x
      value: 1.6
      objectReference: {fileID: 0}
    - target: {fileID: 465584, guid: da5eabb1aa85f48dc8b887f245897e70, type: 3}
      propertyPath: m_LocalScale.y
      value: 1
      objectReference: {fileID: 0}
    - target: {fileID: 465584, guid: da5eabb1aa85f48dc8b887f245897e70, type: 3}
      propertyPath: m_LocalScale.z
      value: 3
      objectReference: {fileID: 0}
    - target: {fileID: 1921938494669318, guid: da5eabb1aa85f48dc8b887f245897e70, type: 3}
      propertyPath: m_Layer
      value: 9
      objectReference: {fileID: 0}
    - target: {fileID: 1921938494669318, guid: da5eabb1aa85f48dc8b887f245897e70, type: 3}
      propertyPath: m_StaticEditorFlags
      value: 2
      objectReference: {fileID: 0}
    m_RemovedComponents: []
  m_SourcePrefab: {fileID: 100100000, guid: da5eabb1aa85f48dc8b887f245897e70, type: 3}
--- !u!198 &586897536717713766 stripped
ParticleSystem:
  m_CorrespondingSourceObject: {fileID: 19808206, guid: da5eabb1aa85f48dc8b887f245897e70,
    type: 3}
  m_PrefabInstance: {fileID: 586897536702369448}
  m_PrefabAsset: {fileID: 0}
--- !u!4 &586897536702567448 stripped
Transform:
  m_CorrespondingSourceObject: {fileID: 465584, guid: da5eabb1aa85f48dc8b887f245897e70,
    type: 3}
  m_PrefabInstance: {fileID: 586897536702369448}
  m_PrefabAsset: {fileID: 0}
--- !u!1001 &1730504095002119653
PrefabInstance:
  m_ObjectHideFlags: 0
  serializedVersion: 2
  m_Modification:
    m_TransformParent: {fileID: 1298833213336198718}
    m_Modifications:
    - target: {fileID: 159618, guid: da5eabb1aa85f48dc8b887f245897e70, type: 3}
      propertyPath: m_Name
      value: boostEffect_R
      objectReference: {fileID: 0}
    - target: {fileID: 159618, guid: da5eabb1aa85f48dc8b887f245897e70, type: 3}
      propertyPath: m_Layer
      value: 9
      objectReference: {fileID: 0}
    - target: {fileID: 159618, guid: da5eabb1aa85f48dc8b887f245897e70, type: 3}
      propertyPath: m_StaticEditorFlags
      value: 2
      objectReference: {fileID: 0}
    - target: {fileID: 196304, guid: da5eabb1aa85f48dc8b887f245897e70, type: 3}
      propertyPath: m_Layer
      value: 9
      objectReference: {fileID: 0}
    - target: {fileID: 196304, guid: da5eabb1aa85f48dc8b887f245897e70, type: 3}
      propertyPath: m_StaticEditorFlags
      value: 2
      objectReference: {fileID: 0}
    - target: {fileID: 465584, guid: da5eabb1aa85f48dc8b887f245897e70, type: 3}
      propertyPath: m_LocalPosition.x
      value: 0.85
      objectReference: {fileID: 0}
    - target: {fileID: 465584, guid: da5eabb1aa85f48dc8b887f245897e70, type: 3}
      propertyPath: m_LocalPosition.y
      value: 0
      objectReference: {fileID: 0}
    - target: {fileID: 465584, guid: da5eabb1aa85f48dc8b887f245897e70, type: 3}
      propertyPath: m_LocalPosition.z
      value: 0.48
      objectReference: {fileID: 0}
    - target: {fileID: 465584, guid: da5eabb1aa85f48dc8b887f245897e70, type: 3}
      propertyPath: m_LocalRotation.x
      value: 1
      objectReference: {fileID: 0}
    - target: {fileID: 465584, guid: da5eabb1aa85f48dc8b887f245897e70, type: 3}
      propertyPath: m_LocalRotation.y
      value: 0
      objectReference: {fileID: 0}
    - target: {fileID: 465584, guid: da5eabb1aa85f48dc8b887f245897e70, type: 3}
      propertyPath: m_LocalRotation.z
      value: 0
      objectReference: {fileID: 0}
    - target: {fileID: 465584, guid: da5eabb1aa85f48dc8b887f245897e70, type: 3}
      propertyPath: m_LocalRotation.w
      value: 0
      objectReference: {fileID: 0}
    - target: {fileID: 465584, guid: da5eabb1aa85f48dc8b887f245897e70, type: 3}
      propertyPath: m_RootOrder
      value: 1
      objectReference: {fileID: 0}
    - target: {fileID: 465584, guid: da5eabb1aa85f48dc8b887f245897e70, type: 3}
      propertyPath: m_LocalEulerAnglesHint.x
      value: 180
      objectReference: {fileID: 0}
    - target: {fileID: 465584, guid: da5eabb1aa85f48dc8b887f245897e70, type: 3}
      propertyPath: m_LocalEulerAnglesHint.y
      value: 0
      objectReference: {fileID: 0}
    - target: {fileID: 465584, guid: da5eabb1aa85f48dc8b887f245897e70, type: 3}
      propertyPath: m_LocalEulerAnglesHint.z
      value: 0
      objectReference: {fileID: 0}
    - target: {fileID: 465584, guid: da5eabb1aa85f48dc8b887f245897e70, type: 3}
      propertyPath: m_LocalScale.x
      value: 1.6
      objectReference: {fileID: 0}
    - target: {fileID: 465584, guid: da5eabb1aa85f48dc8b887f245897e70, type: 3}
      propertyPath: m_LocalScale.y
      value: 1
      objectReference: {fileID: 0}
    - target: {fileID: 465584, guid: da5eabb1aa85f48dc8b887f245897e70, type: 3}
      propertyPath: m_LocalScale.z
      value: 3
      objectReference: {fileID: 0}
    - target: {fileID: 1921938494669318, guid: da5eabb1aa85f48dc8b887f245897e70, type: 3}
      propertyPath: m_Layer
      value: 9
      objectReference: {fileID: 0}
    - target: {fileID: 1921938494669318, guid: da5eabb1aa85f48dc8b887f245897e70, type: 3}
      propertyPath: m_StaticEditorFlags
      value: 2
      objectReference: {fileID: 0}
    m_RemovedComponents: []
  m_SourcePrefab: {fileID: 100100000, guid: da5eabb1aa85f48dc8b887f245897e70, type: 3}
--- !u!198 &1730504095017202219 stripped
ParticleSystem:
  m_CorrespondingSourceObject: {fileID: 19808206, guid: da5eabb1aa85f48dc8b887f245897e70,
    type: 3}
  m_PrefabInstance: {fileID: 1730504095002119653}
  m_PrefabAsset: {fileID: 0}
--- !u!4 &1730504095001925461 stripped
Transform:
  m_CorrespondingSourceObject: {fileID: 465584, guid: da5eabb1aa85f48dc8b887f245897e70,
    type: 3}
  m_PrefabInstance: {fileID: 1730504095002119653}
  m_PrefabAsset: {fileID: 0}
--- !u!1001 &3457036195098604476
PrefabInstance:
  m_ObjectHideFlags: 0
  serializedVersion: 2
  m_Modification:
    m_TransformParent: {fileID: 631863572812546732}
    m_Modifications:
    - target: {fileID: 298537387008196320, guid: b1c344357d9264ba4b8791bc395fb5ee,
        type: 3}
      propertyPath: m_LocalPosition.y
      value: 3.03
      objectReference: {fileID: 0}
    - target: {fileID: 298537387008196320, guid: b1c344357d9264ba4b8791bc395fb5ee,
        type: 3}
      propertyPath: m_LocalPosition.z
      value: -0.24
      objectReference: {fileID: 0}
    - target: {fileID: 298537387008196320, guid: b1c344357d9264ba4b8791bc395fb5ee,
        type: 3}
      propertyPath: m_LocalPosition.x
      value: 3.9
      objectReference: {fileID: 0}
    - target: {fileID: 427777942545596175, guid: b1c344357d9264ba4b8791bc395fb5ee,
        type: 3}
      propertyPath: m_LocalPosition.y
      value: 2.9700005
      objectReference: {fileID: 0}
    - target: {fileID: 427777942545596175, guid: b1c344357d9264ba4b8791bc395fb5ee,
        type: 3}
      propertyPath: m_LocalPosition.z
      value: -0.23546712
      objectReference: {fileID: 0}
    - target: {fileID: 466479733207860476, guid: b1c344357d9264ba4b8791bc395fb5ee,
        type: 3}
      propertyPath: m_Intensity
      value: 5.5
      objectReference: {fileID: 0}
    - target: {fileID: 466479733207860476, guid: b1c344357d9264ba4b8791bc395fb5ee,
        type: 3}
      propertyPath: m_Enabled
      value: 1
      objectReference: {fileID: 0}
    - target: {fileID: 1383482997483116005, guid: b1c344357d9264ba4b8791bc395fb5ee,
        type: 3}
      propertyPath: m_LocalPosition.y
      value: 2.9400003
      objectReference: {fileID: 0}
    - target: {fileID: 1383482997483116005, guid: b1c344357d9264ba4b8791bc395fb5ee,
        type: 3}
      propertyPath: m_LocalPosition.z
      value: -0.23461716
      objectReference: {fileID: 0}
    - target: {fileID: 1383482997483116005, guid: b1c344357d9264ba4b8791bc395fb5ee,
        type: 3}
      propertyPath: m_LocalPosition.x
      value: -4.9
      objectReference: {fileID: 0}
    - target: {fileID: 2244327880168540267, guid: b1c344357d9264ba4b8791bc395fb5ee,
        type: 3}
      propertyPath: m_LocalPosition.x
      value: 0.008
      objectReference: {fileID: 0}
    - target: {fileID: 2244327880168540267, guid: b1c344357d9264ba4b8791bc395fb5ee,
        type: 3}
      propertyPath: m_LocalPosition.y
      value: 1.967
      objectReference: {fileID: 0}
    - target: {fileID: 2244327880168540267, guid: b1c344357d9264ba4b8791bc395fb5ee,
        type: 3}
      propertyPath: m_LocalPosition.z
      value: -0.275
      objectReference: {fileID: 0}
    - target: {fileID: 2244327880168540267, guid: b1c344357d9264ba4b8791bc395fb5ee,
        type: 3}
      propertyPath: m_LocalRotation.x
      value: -0
      objectReference: {fileID: 0}
    - target: {fileID: 2244327880168540267, guid: b1c344357d9264ba4b8791bc395fb5ee,
        type: 3}
      propertyPath: m_LocalRotation.y
      value: -0
      objectReference: {fileID: 0}
    - target: {fileID: 2244327880168540267, guid: b1c344357d9264ba4b8791bc395fb5ee,
        type: 3}
      propertyPath: m_LocalRotation.z
      value: -0
      objectReference: {fileID: 0}
    - target: {fileID: 2244327880168540267, guid: b1c344357d9264ba4b8791bc395fb5ee,
        type: 3}
      propertyPath: m_LocalRotation.w
      value: 1
      objectReference: {fileID: 0}
    - target: {fileID: 2244327880168540267, guid: b1c344357d9264ba4b8791bc395fb5ee,
        type: 3}
      propertyPath: m_RootOrder
      value: 10
      objectReference: {fileID: 0}
    - target: {fileID: 2244327880168540267, guid: b1c344357d9264ba4b8791bc395fb5ee,
        type: 3}
      propertyPath: m_LocalEulerAnglesHint.x
      value: 0
      objectReference: {fileID: 0}
    - target: {fileID: 2244327880168540267, guid: b1c344357d9264ba4b8791bc395fb5ee,
        type: 3}
      propertyPath: m_LocalEulerAnglesHint.y
      value: 0
      objectReference: {fileID: 0}
    - target: {fileID: 2244327880168540267, guid: b1c344357d9264ba4b8791bc395fb5ee,
        type: 3}
      propertyPath: m_LocalEulerAnglesHint.z
      value: 0
      objectReference: {fileID: 0}
    - target: {fileID: 2244327880168540267, guid: b1c344357d9264ba4b8791bc395fb5ee,
        type: 3}
      propertyPath: m_LocalScale.z
      value: 0.5
      objectReference: {fileID: 0}
    - target: {fileID: 2244327880168540267, guid: b1c344357d9264ba4b8791bc395fb5ee,
        type: 3}
      propertyPath: m_LocalScale.x
      value: 0.2
      objectReference: {fileID: 0}
    - target: {fileID: 2244327880168540268, guid: b1c344357d9264ba4b8791bc395fb5ee,
        type: 3}
      propertyPath: m_Name
      value: PoliceLight
      objectReference: {fileID: 0}
    - target: {fileID: 2244327880168540268, guid: b1c344357d9264ba4b8791bc395fb5ee,
        type: 3}
      propertyPath: m_StaticEditorFlags
      value: 0
      objectReference: {fileID: 0}
    - target: {fileID: 2244327880168540268, guid: b1c344357d9264ba4b8791bc395fb5ee,
        type: 3}
      propertyPath: m_IsActive
      value: 1
      objectReference: {fileID: 0}
    - target: {fileID: 2749789833125494469, guid: b1c344357d9264ba4b8791bc395fb5ee,
        type: 3}
      propertyPath: m_Intensity
      value: 1
      objectReference: {fileID: 0}
    - target: {fileID: 2749789833125494469, guid: b1c344357d9264ba4b8791bc395fb5ee,
        type: 3}
      propertyPath: m_Enabled
      value: 1
      objectReference: {fileID: 0}
    - target: {fileID: 2749789833125494469, guid: b1c344357d9264ba4b8791bc395fb5ee,
        type: 3}
      propertyPath: m_Range
      value: 1.4
      objectReference: {fileID: 0}
    - target: {fileID: 2749789833125494469, guid: b1c344357d9264ba4b8791bc395fb5ee,
        type: 3}
      propertyPath: m_Color.r
      value: 0.21466713
      objectReference: {fileID: 0}
    - target: {fileID: 2749789833125494469, guid: b1c344357d9264ba4b8791bc395fb5ee,
        type: 3}
      propertyPath: m_Color.g
      value: 0.38983583
      objectReference: {fileID: 0}
    - target: {fileID: 2749789833125494469, guid: b1c344357d9264ba4b8791bc395fb5ee,
        type: 3}
      propertyPath: m_Color.b
      value: 0.6792453
      objectReference: {fileID: 0}
    - target: {fileID: 3084674037716816709, guid: b1c344357d9264ba4b8791bc395fb5ee,
        type: 3}
      propertyPath: m_Layer
      value: 9
      objectReference: {fileID: 0}
    - target: {fileID: 3435738936025041956, guid: b1c344357d9264ba4b8791bc395fb5ee,
        type: 3}
      propertyPath: m_Layer
      value: 9
      objectReference: {fileID: 0}
    - target: {fileID: 4527777440243881688, guid: b1c344357d9264ba4b8791bc395fb5ee,
        type: 3}
      propertyPath: m_Layer
      value: 9
      objectReference: {fileID: 0}
    - target: {fileID: 4527777440243881688, guid: b1c344357d9264ba4b8791bc395fb5ee,
        type: 3}
      propertyPath: m_IsActive
      value: 1
      objectReference: {fileID: 0}
    - target: {fileID: 4597983485710058450, guid: b1c344357d9264ba4b8791bc395fb5ee,
        type: 3}
      propertyPath: m_Intensity
      value: 5
      objectReference: {fileID: 0}
    - target: {fileID: 4669704952876672348, guid: b1c344357d9264ba4b8791bc395fb5ee,
        type: 3}
      propertyPath: m_LocalPosition.z
      value: 0.12
      objectReference: {fileID: 0}
    - target: {fileID: 5079641576393257226, guid: b1c344357d9264ba4b8791bc395fb5ee,
        type: 3}
      propertyPath: m_Layer
      value: 9
      objectReference: {fileID: 0}
    - target: {fileID: 5384526365681860882, guid: b1c344357d9264ba4b8791bc395fb5ee,
        type: 3}
      propertyPath: m_StaticEditorFlags
      value: 0
      objectReference: {fileID: 0}
    - target: {fileID: 5384526365681860882, guid: b1c344357d9264ba4b8791bc395fb5ee,
        type: 3}
      propertyPath: m_Layer
      value: 9
      objectReference: {fileID: 0}
    - target: {fileID: 6354200943151321244, guid: b1c344357d9264ba4b8791bc395fb5ee,
        type: 3}
      propertyPath: m_Intensity
      value: 1
      objectReference: {fileID: 0}
    - target: {fileID: 6354200943151321244, guid: b1c344357d9264ba4b8791bc395fb5ee,
        type: 3}
      propertyPath: m_Enabled
      value: 1
      objectReference: {fileID: 0}
    - target: {fileID: 6354200943151321244, guid: b1c344357d9264ba4b8791bc395fb5ee,
        type: 3}
      propertyPath: m_Range
      value: 1.4
      objectReference: {fileID: 0}
    - target: {fileID: 6354200943151321244, guid: b1c344357d9264ba4b8791bc395fb5ee,
        type: 3}
      propertyPath: m_CullingMask.m_Bits
      value: 4294967295
      objectReference: {fileID: 0}
    - target: {fileID: 6476114453821621901, guid: b1c344357d9264ba4b8791bc395fb5ee,
        type: 3}
      propertyPath: m_Intensity
      value: 5.5
      objectReference: {fileID: 0}
    - target: {fileID: 6476114453821621901, guid: b1c344357d9264ba4b8791bc395fb5ee,
        type: 3}
      propertyPath: m_Enabled
      value: 1
      objectReference: {fileID: 0}
    - target: {fileID: 6494448023165461909, guid: b1c344357d9264ba4b8791bc395fb5ee,
        type: 3}
      propertyPath: m_LocalPosition.z
      value: 0.119999945
      objectReference: {fileID: 0}
    - target: {fileID: 6494448023165461909, guid: b1c344357d9264ba4b8791bc395fb5ee,
        type: 3}
      propertyPath: m_LocalPosition.y
      value: 0.4000004
      objectReference: {fileID: 0}
    - target: {fileID: 6582480819046344856, guid: b1c344357d9264ba4b8791bc395fb5ee,
        type: 3}
      propertyPath: m_Intensity
      value: 0.3
      objectReference: {fileID: 0}
    - target: {fileID: 6761943846623032163, guid: b1c344357d9264ba4b8791bc395fb5ee,
        type: 3}
      propertyPath: m_Intensity
      value: 5
      objectReference: {fileID: 0}
    - target: {fileID: 6991525645288985952, guid: b1c344357d9264ba4b8791bc395fb5ee,
        type: 3}
      propertyPath: m_StaticEditorFlags
      value: 0
      objectReference: {fileID: 0}
    - target: {fileID: 6991525645288985952, guid: b1c344357d9264ba4b8791bc395fb5ee,
        type: 3}
      propertyPath: m_Layer
      value: 9
      objectReference: {fileID: 0}
    - target: {fileID: 7303819751880520754, guid: b1c344357d9264ba4b8791bc395fb5ee,
        type: 3}
      propertyPath: m_LocalPosition.y
      value: -8.569999
      objectReference: {fileID: 0}
    - target: {fileID: 7303819751880520754, guid: b1c344357d9264ba4b8791bc395fb5ee,
        type: 3}
      propertyPath: m_LocalPosition.z
      value: -0.4846171
      objectReference: {fileID: 0}
    - target: {fileID: 7303819751880520754, guid: b1c344357d9264ba4b8791bc395fb5ee,
        type: 3}
      propertyPath: m_LocalPosition.x
      value: -6.15
      objectReference: {fileID: 0}
    - target: {fileID: 7405755440864606279, guid: b1c344357d9264ba4b8791bc395fb5ee,
        type: 3}
      propertyPath: m_Intensity
      value: 0.3
      objectReference: {fileID: 0}
    - target: {fileID: 7938954639165579441, guid: b1c344357d9264ba4b8791bc395fb5ee,
        type: 3}
      propertyPath: m_LocalPosition.y
      value: -8.48
      objectReference: {fileID: 0}
    - target: {fileID: 7938954639165579441, guid: b1c344357d9264ba4b8791bc395fb5ee,
        type: 3}
      propertyPath: m_LocalPosition.x
      value: 5.58
      objectReference: {fileID: 0}
    - target: {fileID: 8199407521206987110, guid: b1c344357d9264ba4b8791bc395fb5ee,
        type: 3}
      propertyPath: m_StaticEditorFlags
      value: 0
      objectReference: {fileID: 0}
    - target: {fileID: 8715016587489956504, guid: b1c344357d9264ba4b8791bc395fb5ee,
        type: 3}
      propertyPath: m_LocalPosition.y
      value: 3.0900004
      objectReference: {fileID: 0}
    - target: {fileID: 8715016587489956504, guid: b1c344357d9264ba4b8791bc395fb5ee,
        type: 3}
      propertyPath: m_LocalPosition.z
      value: -0.23716705
      objectReference: {fileID: 0}
    m_RemovedComponents: []
  m_SourcePrefab: {fileID: 100100000, guid: b1c344357d9264ba4b8791bc395fb5ee, type: 3}
--- !u!114 &8659607023529381822 stripped
MonoBehaviour:
  m_CorrespondingSourceObject: {fileID: 6328901832952740866, guid: b1c344357d9264ba4b8791bc395fb5ee,
    type: 3}
  m_PrefabInstance: {fileID: 3457036195098604476}
  m_PrefabAsset: {fileID: 0}
  m_GameObject: {fileID: 0}
  m_Enabled: 1
  m_EditorHideFlags: 0
  m_Script: {fileID: 11500000, guid: fcce4c1be5da341018b5d8db8ef16336, type: 3}
  m_Name: 
  m_EditorClassIdentifier: 
--- !u!4 &3520874047035849687 stripped
Transform:
  m_CorrespondingSourceObject: {fileID: 2244327880168540267, guid: b1c344357d9264ba4b8791bc395fb5ee,
    type: 3}
  m_PrefabInstance: {fileID: 3457036195098604476}
  m_PrefabAsset: {fileID: 0}
--- !u!1001 &4913157671025509087
PrefabInstance:
  m_ObjectHideFlags: 0
  serializedVersion: 2
  m_Modification:
    m_TransformParent: {fileID: 631863572812546732}
    m_Modifications:
    - target: {fileID: 3755347810675974305, guid: 19b1fc7e006e04738a2ac8bc49857803,
        type: 3}
      propertyPath: m_Radius
      value: 0.4
      objectReference: {fileID: 0}
    - target: {fileID: 3775199370510750708, guid: 19b1fc7e006e04738a2ac8bc49857803,
        type: 3}
      propertyPath: m_LocalPosition.x
      value: 1.0421478
      objectReference: {fileID: 0}
    - target: {fileID: 3775199370510750708, guid: 19b1fc7e006e04738a2ac8bc49857803,
        type: 3}
      propertyPath: m_LocalPosition.y
      value: 0.41999954
      objectReference: {fileID: 0}
    - target: {fileID: 3775199370510750708, guid: 19b1fc7e006e04738a2ac8bc49857803,
        type: 3}
      propertyPath: m_LocalPosition.z
      value: 1.2494414
      objectReference: {fileID: 0}
    - target: {fileID: 3775199370510750708, guid: 19b1fc7e006e04738a2ac8bc49857803,
        type: 3}
      propertyPath: m_LocalRotation.x
      value: 0
      objectReference: {fileID: 0}
    - target: {fileID: 3775199370510750708, guid: 19b1fc7e006e04738a2ac8bc49857803,
        type: 3}
      propertyPath: m_LocalRotation.y
      value: 1
      objectReference: {fileID: 0}
    - target: {fileID: 3775199370510750708, guid: 19b1fc7e006e04738a2ac8bc49857803,
        type: 3}
      propertyPath: m_LocalRotation.z
      value: 0
      objectReference: {fileID: 0}
    - target: {fileID: 3775199370510750708, guid: 19b1fc7e006e04738a2ac8bc49857803,
        type: 3}
      propertyPath: m_LocalRotation.w
      value: 0
      objectReference: {fileID: 0}
    - target: {fileID: 3775199370510750708, guid: 19b1fc7e006e04738a2ac8bc49857803,
        type: 3}
      propertyPath: m_RootOrder
      value: 1
      objectReference: {fileID: 0}
    - target: {fileID: 3775199370510750708, guid: 19b1fc7e006e04738a2ac8bc49857803,
        type: 3}
      propertyPath: m_LocalEulerAnglesHint.x
      value: 0
      objectReference: {fileID: 0}
    - target: {fileID: 3775199370510750708, guid: 19b1fc7e006e04738a2ac8bc49857803,
        type: 3}
      propertyPath: m_LocalEulerAnglesHint.y
      value: 180
      objectReference: {fileID: 0}
    - target: {fileID: 3775199370510750708, guid: 19b1fc7e006e04738a2ac8bc49857803,
        type: 3}
      propertyPath: m_LocalEulerAnglesHint.z
      value: 0
      objectReference: {fileID: 0}
    - target: {fileID: 6614315402482051505, guid: 19b1fc7e006e04738a2ac8bc49857803,
        type: 3}
      propertyPath: m_Materials.Array.data[0]
      value: 
      objectReference: {fileID: 2100000, guid: 92709a6ff2cdbb14bab40196b19d8f3d, type: 2}
    - target: {fileID: 7446537833229736216, guid: 19b1fc7e006e04738a2ac8bc49857803,
        type: 3}
      propertyPath: m_Name
      value: FR
      objectReference: {fileID: 0}
    - target: {fileID: 7446537833229736216, guid: 19b1fc7e006e04738a2ac8bc49857803,
        type: 3}
      propertyPath: m_StaticEditorFlags
      value: 18
      objectReference: {fileID: 0}
    m_RemovedComponents: []
  m_SourcePrefab: {fileID: 100100000, guid: 19b1fc7e006e04738a2ac8bc49857803, type: 3}
--- !u!4 &8091623886474727723 stripped
Transform:
  m_CorrespondingSourceObject: {fileID: 3775199370510750708, guid: 19b1fc7e006e04738a2ac8bc49857803,
    type: 3}
  m_PrefabInstance: {fileID: 4913157671025509087}
  m_PrefabAsset: {fileID: 0}
--- !u!146 &8084707010695127678 stripped
WheelCollider:
  m_CorrespondingSourceObject: {fileID: 3755347810675974305, guid: 19b1fc7e006e04738a2ac8bc49857803,
    type: 3}
  m_PrefabInstance: {fileID: 4913157671025509087}
  m_PrefabAsset: {fileID: 0}
--- !u!1001 &5374771734669572933
PrefabInstance:
  m_ObjectHideFlags: 0
  serializedVersion: 2
  m_Modification:
    m_TransformParent: {fileID: 1298833213336198718}
    m_Modifications:
    - target: {fileID: 150538, guid: 1c104e645d034af41b7164016df6b1d7, type: 3}
      propertyPath: m_Name
      value: smokeTrail_L
      objectReference: {fileID: 0}
    - target: {fileID: 150538, guid: 1c104e645d034af41b7164016df6b1d7, type: 3}
      propertyPath: m_Layer
      value: 9
      objectReference: {fileID: 0}
    - target: {fileID: 150538, guid: 1c104e645d034af41b7164016df6b1d7, type: 3}
      propertyPath: m_StaticEditorFlags
      value: 2
      objectReference: {fileID: 0}
    - target: {fileID: 455184, guid: 1c104e645d034af41b7164016df6b1d7, type: 3}
      propertyPath: m_LocalPosition.x
      value: -1.27
      objectReference: {fileID: 0}
    - target: {fileID: 455184, guid: 1c104e645d034af41b7164016df6b1d7, type: 3}
      propertyPath: m_LocalPosition.y
      value: -0.33
      objectReference: {fileID: 0}
    - target: {fileID: 455184, guid: 1c104e645d034af41b7164016df6b1d7, type: 3}
      propertyPath: m_LocalPosition.z
      value: 4.14
      objectReference: {fileID: 0}
    - target: {fileID: 455184, guid: 1c104e645d034af41b7164016df6b1d7, type: 3}
      propertyPath: m_LocalRotation.x
      value: -0.7071068
      objectReference: {fileID: 0}
    - target: {fileID: 455184, guid: 1c104e645d034af41b7164016df6b1d7, type: 3}
      propertyPath: m_LocalRotation.y
      value: 0
      objectReference: {fileID: 0}
    - target: {fileID: 455184, guid: 1c104e645d034af41b7164016df6b1d7, type: 3}
      propertyPath: m_LocalRotation.z
      value: 0
      objectReference: {fileID: 0}
    - target: {fileID: 455184, guid: 1c104e645d034af41b7164016df6b1d7, type: 3}
      propertyPath: m_LocalRotation.w
      value: 0.7071068
      objectReference: {fileID: 0}
    - target: {fileID: 455184, guid: 1c104e645d034af41b7164016df6b1d7, type: 3}
      propertyPath: m_RootOrder
      value: 2
      objectReference: {fileID: 0}
    - target: {fileID: 455184, guid: 1c104e645d034af41b7164016df6b1d7, type: 3}
      propertyPath: m_LocalEulerAnglesHint.x
      value: -90
      objectReference: {fileID: 0}
    - target: {fileID: 455184, guid: 1c104e645d034af41b7164016df6b1d7, type: 3}
      propertyPath: m_LocalEulerAnglesHint.y
      value: 0
      objectReference: {fileID: 0}
    - target: {fileID: 455184, guid: 1c104e645d034af41b7164016df6b1d7, type: 3}
      propertyPath: m_LocalEulerAnglesHint.z
      value: 0
      objectReference: {fileID: 0}
    - target: {fileID: 455184, guid: 1c104e645d034af41b7164016df6b1d7, type: 3}
      propertyPath: m_LocalScale.x
      value: 2.5
      objectReference: {fileID: 0}
    - target: {fileID: 455184, guid: 1c104e645d034af41b7164016df6b1d7, type: 3}
      propertyPath: m_LocalScale.y
      value: 2.5
      objectReference: {fileID: 0}
    - target: {fileID: 455184, guid: 1c104e645d034af41b7164016df6b1d7, type: 3}
      propertyPath: m_LocalScale.z
      value: 2.5
      objectReference: {fileID: 0}
    m_RemovedComponents: []
  m_SourcePrefab: {fileID: 100100000, guid: 1c104e645d034af41b7164016df6b1d7, type: 3}
--- !u!198 &5374771734654555525 stripped
ParticleSystem:
  m_CorrespondingSourceObject: {fileID: 19869376, guid: 1c104e645d034af41b7164016df6b1d7,
    type: 3}
  m_PrefabInstance: {fileID: 5374771734669572933}
  m_PrefabAsset: {fileID: 0}
--- !u!4 &5374771734669740373 stripped
Transform:
  m_CorrespondingSourceObject: {fileID: 455184, guid: 1c104e645d034af41b7164016df6b1d7,
    type: 3}
  m_PrefabInstance: {fileID: 5374771734669572933}
  m_PrefabAsset: {fileID: 0}
--- !u!1001 &6771960482406138405
PrefabInstance:
  m_ObjectHideFlags: 0
  serializedVersion: 2
  m_Modification:
    m_TransformParent: {fileID: 631863572812546732}
    m_Modifications:
    - target: {fileID: 3755347810675974305, guid: 19b1fc7e006e04738a2ac8bc49857803,
        type: 3}
      propertyPath: m_Radius
      value: 0.4
      objectReference: {fileID: 0}
    - target: {fileID: 3775199370510750708, guid: 19b1fc7e006e04738a2ac8bc49857803,
        type: 3}
      propertyPath: m_LocalPosition.x
      value: -1.0421478
      objectReference: {fileID: 0}
    - target: {fileID: 3775199370510750708, guid: 19b1fc7e006e04738a2ac8bc49857803,
        type: 3}
      propertyPath: m_LocalPosition.y
      value: 0.41999954
      objectReference: {fileID: 0}
    - target: {fileID: 3775199370510750708, guid: 19b1fc7e006e04738a2ac8bc49857803,
        type: 3}
      propertyPath: m_LocalPosition.z
      value: 1.2494414
      objectReference: {fileID: 0}
    - target: {fileID: 3775199370510750708, guid: 19b1fc7e006e04738a2ac8bc49857803,
        type: 3}
      propertyPath: m_LocalRotation.x
      value: 0
      objectReference: {fileID: 0}
    - target: {fileID: 3775199370510750708, guid: 19b1fc7e006e04738a2ac8bc49857803,
        type: 3}
      propertyPath: m_LocalRotation.y
      value: 0
      objectReference: {fileID: 0}
    - target: {fileID: 3775199370510750708, guid: 19b1fc7e006e04738a2ac8bc49857803,
        type: 3}
      propertyPath: m_LocalRotation.z
      value: 0
      objectReference: {fileID: 0}
    - target: {fileID: 3775199370510750708, guid: 19b1fc7e006e04738a2ac8bc49857803,
        type: 3}
      propertyPath: m_LocalRotation.w
      value: 1
      objectReference: {fileID: 0}
    - target: {fileID: 3775199370510750708, guid: 19b1fc7e006e04738a2ac8bc49857803,
        type: 3}
      propertyPath: m_RootOrder
      value: 0
      objectReference: {fileID: 0}
    - target: {fileID: 3775199370510750708, guid: 19b1fc7e006e04738a2ac8bc49857803,
        type: 3}
      propertyPath: m_LocalEulerAnglesHint.x
      value: 0
      objectReference: {fileID: 0}
    - target: {fileID: 3775199370510750708, guid: 19b1fc7e006e04738a2ac8bc49857803,
        type: 3}
      propertyPath: m_LocalEulerAnglesHint.y
      value: 0
      objectReference: {fileID: 0}
    - target: {fileID: 3775199370510750708, guid: 19b1fc7e006e04738a2ac8bc49857803,
        type: 3}
      propertyPath: m_LocalEulerAnglesHint.z
      value: 0
      objectReference: {fileID: 0}
    - target: {fileID: 6614315402482051505, guid: 19b1fc7e006e04738a2ac8bc49857803,
        type: 3}
      propertyPath: m_Materials.Array.data[0]
      value: 
      objectReference: {fileID: 2100000, guid: 92709a6ff2cdbb14bab40196b19d8f3d, type: 2}
    - target: {fileID: 7446537833229736216, guid: 19b1fc7e006e04738a2ac8bc49857803,
        type: 3}
      propertyPath: m_Name
      value: FL
      objectReference: {fileID: 0}
    - target: {fileID: 7446537833229736216, guid: 19b1fc7e006e04738a2ac8bc49857803,
        type: 3}
      propertyPath: m_StaticEditorFlags
      value: 18
      objectReference: {fileID: 0}
    m_RemovedComponents: []
  m_SourcePrefab: {fileID: 100100000, guid: 19b1fc7e006e04738a2ac8bc49857803, type: 3}
--- !u!146 &7631203067474272900 stripped
WheelCollider:
  m_CorrespondingSourceObject: {fileID: 3755347810675974305, guid: 19b1fc7e006e04738a2ac8bc49857803,
    type: 3}
  m_PrefabInstance: {fileID: 6771960482406138405}
  m_PrefabAsset: {fileID: 0}
--- !u!4 &7610773302362984913 stripped
Transform:
  m_CorrespondingSourceObject: {fileID: 3775199370510750708, guid: 19b1fc7e006e04738a2ac8bc49857803,
    type: 3}
  m_PrefabInstance: {fileID: 6771960482406138405}
  m_PrefabAsset: {fileID: 0}
--- !u!1001 &6783986779962708457
PrefabInstance:
  m_ObjectHideFlags: 0
  serializedVersion: 2
  m_Modification:
    m_TransformParent: {fileID: 631863572812546732}
    m_Modifications:
    - target: {fileID: 3755347810675974305, guid: 19b1fc7e006e04738a2ac8bc49857803,
        type: 3}
      propertyPath: m_Radius
      value: 0.4
      objectReference: {fileID: 0}
    - target: {fileID: 3775199370510750708, guid: 19b1fc7e006e04738a2ac8bc49857803,
        type: 3}
      propertyPath: m_LocalPosition.x
      value: 1.0921476
      objectReference: {fileID: 0}
    - target: {fileID: 3775199370510750708, guid: 19b1fc7e006e04738a2ac8bc49857803,
        type: 3}
      propertyPath: m_LocalPosition.y
      value: 0.4199996
      objectReference: {fileID: 0}
    - target: {fileID: 3775199370510750708, guid: 19b1fc7e006e04738a2ac8bc49857803,
        type: 3}
      propertyPath: m_LocalPosition.z
      value: -1.3505583
      objectReference: {fileID: 0}
    - target: {fileID: 3775199370510750708, guid: 19b1fc7e006e04738a2ac8bc49857803,
        type: 3}
      propertyPath: m_LocalRotation.x
      value: 0
      objectReference: {fileID: 0}
    - target: {fileID: 3775199370510750708, guid: 19b1fc7e006e04738a2ac8bc49857803,
        type: 3}
      propertyPath: m_LocalRotation.y
      value: 1
      objectReference: {fileID: 0}
    - target: {fileID: 3775199370510750708, guid: 19b1fc7e006e04738a2ac8bc49857803,
        type: 3}
      propertyPath: m_LocalRotation.z
      value: 0
      objectReference: {fileID: 0}
    - target: {fileID: 3775199370510750708, guid: 19b1fc7e006e04738a2ac8bc49857803,
        type: 3}
      propertyPath: m_LocalRotation.w
      value: 0
      objectReference: {fileID: 0}
    - target: {fileID: 3775199370510750708, guid: 19b1fc7e006e04738a2ac8bc49857803,
        type: 3}
      propertyPath: m_RootOrder
      value: 3
      objectReference: {fileID: 0}
    - target: {fileID: 3775199370510750708, guid: 19b1fc7e006e04738a2ac8bc49857803,
        type: 3}
      propertyPath: m_LocalEulerAnglesHint.x
      value: 0
      objectReference: {fileID: 0}
    - target: {fileID: 3775199370510750708, guid: 19b1fc7e006e04738a2ac8bc49857803,
        type: 3}
      propertyPath: m_LocalEulerAnglesHint.y
      value: 180
      objectReference: {fileID: 0}
    - target: {fileID: 3775199370510750708, guid: 19b1fc7e006e04738a2ac8bc49857803,
        type: 3}
      propertyPath: m_LocalEulerAnglesHint.z
      value: 0
      objectReference: {fileID: 0}
    - target: {fileID: 6614315402482051505, guid: 19b1fc7e006e04738a2ac8bc49857803,
        type: 3}
      propertyPath: m_Materials.Array.data[0]
      value: 
      objectReference: {fileID: 2100000, guid: 92709a6ff2cdbb14bab40196b19d8f3d, type: 2}
    - target: {fileID: 7446537833229736216, guid: 19b1fc7e006e04738a2ac8bc49857803,
        type: 3}
      propertyPath: m_Name
      value: RR
      objectReference: {fileID: 0}
    - target: {fileID: 7446537833229736216, guid: 19b1fc7e006e04738a2ac8bc49857803,
        type: 3}
      propertyPath: m_StaticEditorFlags
      value: 18
      objectReference: {fileID: 0}
    m_RemovedComponents: []
  m_SourcePrefab: {fileID: 100100000, guid: 19b1fc7e006e04738a2ac8bc49857803, type: 3}
--- !u!146 &7653934531228889416 stripped
WheelCollider:
  m_CorrespondingSourceObject: {fileID: 3755347810675974305, guid: 19b1fc7e006e04738a2ac8bc49857803,
    type: 3}
  m_PrefabInstance: {fileID: 6783986779962708457}
  m_PrefabAsset: {fileID: 0}
--- !u!4 &7656581006241939997 stripped
Transform:
  m_CorrespondingSourceObject: {fileID: 3775199370510750708, guid: 19b1fc7e006e04738a2ac8bc49857803,
    type: 3}
  m_PrefabInstance: {fileID: 6783986779962708457}
  m_PrefabAsset: {fileID: 0}
--- !u!1001 &6995299324978536304
PrefabInstance:
  m_ObjectHideFlags: 0
  serializedVersion: 2
  m_Modification:
    m_TransformParent: {fileID: 631863572812546732}
    m_Modifications:
    - target: {fileID: 3755347810675974305, guid: 19b1fc7e006e04738a2ac8bc49857803,
        type: 3}
      propertyPath: m_Radius
      value: 0.4
      objectReference: {fileID: 0}
    - target: {fileID: 3775199370510750708, guid: 19b1fc7e006e04738a2ac8bc49857803,
        type: 3}
      propertyPath: m_LocalPosition.x
      value: -1.0921476
      objectReference: {fileID: 0}
    - target: {fileID: 3775199370510750708, guid: 19b1fc7e006e04738a2ac8bc49857803,
        type: 3}
      propertyPath: m_LocalPosition.y
      value: 0.4199996
      objectReference: {fileID: 0}
    - target: {fileID: 3775199370510750708, guid: 19b1fc7e006e04738a2ac8bc49857803,
        type: 3}
      propertyPath: m_LocalPosition.z
      value: -1.3505583
      objectReference: {fileID: 0}
    - target: {fileID: 3775199370510750708, guid: 19b1fc7e006e04738a2ac8bc49857803,
        type: 3}
      propertyPath: m_LocalRotation.x
      value: 0
      objectReference: {fileID: 0}
    - target: {fileID: 3775199370510750708, guid: 19b1fc7e006e04738a2ac8bc49857803,
        type: 3}
      propertyPath: m_LocalRotation.y
      value: 0
      objectReference: {fileID: 0}
    - target: {fileID: 3775199370510750708, guid: 19b1fc7e006e04738a2ac8bc49857803,
        type: 3}
      propertyPath: m_LocalRotation.z
      value: 0
      objectReference: {fileID: 0}
    - target: {fileID: 3775199370510750708, guid: 19b1fc7e006e04738a2ac8bc49857803,
        type: 3}
      propertyPath: m_LocalRotation.w
      value: 1
      objectReference: {fileID: 0}
    - target: {fileID: 3775199370510750708, guid: 19b1fc7e006e04738a2ac8bc49857803,
        type: 3}
      propertyPath: m_RootOrder
      value: 2
      objectReference: {fileID: 0}
    - target: {fileID: 3775199370510750708, guid: 19b1fc7e006e04738a2ac8bc49857803,
        type: 3}
      propertyPath: m_LocalEulerAnglesHint.x
      value: 0
      objectReference: {fileID: 0}
    - target: {fileID: 3775199370510750708, guid: 19b1fc7e006e04738a2ac8bc49857803,
        type: 3}
      propertyPath: m_LocalEulerAnglesHint.y
      value: 0
      objectReference: {fileID: 0}
    - target: {fileID: 3775199370510750708, guid: 19b1fc7e006e04738a2ac8bc49857803,
        type: 3}
      propertyPath: m_LocalEulerAnglesHint.z
      value: 0
      objectReference: {fileID: 0}
    - target: {fileID: 6614315402482051505, guid: 19b1fc7e006e04738a2ac8bc49857803,
        type: 3}
      propertyPath: m_Materials.Array.data[0]
      value: 
      objectReference: {fileID: 2100000, guid: 92709a6ff2cdbb14bab40196b19d8f3d, type: 2}
    - target: {fileID: 7446537833229736216, guid: 19b1fc7e006e04738a2ac8bc49857803,
        type: 3}
      propertyPath: m_Name
      value: RL
      objectReference: {fileID: 0}
    - target: {fileID: 7446537833229736216, guid: 19b1fc7e006e04738a2ac8bc49857803,
        type: 3}
      propertyPath: m_StaticEditorFlags
      value: 18
      objectReference: {fileID: 0}
    m_RemovedComponents: []
  m_SourcePrefab: {fileID: 100100000, guid: 19b1fc7e006e04738a2ac8bc49857803, type: 3}
--- !u!146 &6127683045202984913 stripped
WheelCollider:
  m_CorrespondingSourceObject: {fileID: 3755347810675974305, guid: 19b1fc7e006e04738a2ac8bc49857803,
    type: 3}
  m_PrefabInstance: {fileID: 6995299324978536304}
  m_PrefabAsset: {fileID: 0}
--- !u!4 &6156553178435439748 stripped
Transform:
  m_CorrespondingSourceObject: {fileID: 3775199370510750708, guid: 19b1fc7e006e04738a2ac8bc49857803,
    type: 3}
  m_PrefabInstance: {fileID: 6995299324978536304}
  m_PrefabAsset: {fileID: 0}
--- !u!1001 &8117024491371884036
PrefabInstance:
  m_ObjectHideFlags: 0
  serializedVersion: 2
  m_Modification:
    m_TransformParent: {fileID: 5223199414548730844}
    m_Modifications:
    - target: {fileID: 2636942890257797438, guid: a9b2034f90cb56b4686fe230b837623f,
        type: 3}
      propertyPath: prewarm
      value: 1
      objectReference: {fileID: 0}
    - target: {fileID: 2636942890257797438, guid: a9b2034f90cb56b4686fe230b837623f,
        type: 3}
      propertyPath: startDelay.maxCurve.m_Curve.Array.data[0].value
      value: 0
      objectReference: {fileID: 0}
    - target: {fileID: 2636942890257797438, guid: a9b2034f90cb56b4686fe230b837623f,
        type: 3}
      propertyPath: startDelay.maxCurve.m_Curve.Array.data[1].value
      value: 0
      objectReference: {fileID: 0}
    - target: {fileID: 4998912071893044577, guid: a9b2034f90cb56b4686fe230b837623f,
        type: 3}
      propertyPath: m_Materials.Array.size
      value: 1
      objectReference: {fileID: 0}
    - target: {fileID: 7409969087160862763, guid: a9b2034f90cb56b4686fe230b837623f,
        type: 3}
      propertyPath: m_Name
      value: L.R
      objectReference: {fileID: 0}
    - target: {fileID: 7409969087160862763, guid: a9b2034f90cb56b4686fe230b837623f,
        type: 3}
      propertyPath: m_Layer
      value: 9
      objectReference: {fileID: 0}
    - target: {fileID: 7409969087160862763, guid: a9b2034f90cb56b4686fe230b837623f,
        type: 3}
      propertyPath: m_StaticEditorFlags
      value: 2
      objectReference: {fileID: 0}
    - target: {fileID: 8613986112135563126, guid: a9b2034f90cb56b4686fe230b837623f,
        type: 3}
      propertyPath: m_LocalPosition.x
      value: -0.5169072
      objectReference: {fileID: 0}
    - target: {fileID: 8613986112135563126, guid: a9b2034f90cb56b4686fe230b837623f,
        type: 3}
      propertyPath: m_LocalPosition.y
      value: -2.45
      objectReference: {fileID: 0}
    - target: {fileID: 8613986112135563126, guid: a9b2034f90cb56b4686fe230b837623f,
        type: 3}
      propertyPath: m_LocalPosition.z
      value: 0.47
      objectReference: {fileID: 0}
    - target: {fileID: 8613986112135563126, guid: a9b2034f90cb56b4686fe230b837623f,
        type: 3}
      propertyPath: m_LocalRotation.x
      value: 0
      objectReference: {fileID: 0}
    - target: {fileID: 8613986112135563126, guid: a9b2034f90cb56b4686fe230b837623f,
        type: 3}
      propertyPath: m_LocalRotation.y
      value: 0
      objectReference: {fileID: 0}
    - target: {fileID: 8613986112135563126, guid: a9b2034f90cb56b4686fe230b837623f,
        type: 3}
      propertyPath: m_LocalRotation.z
      value: 0
      objectReference: {fileID: 0}
    - target: {fileID: 8613986112135563126, guid: a9b2034f90cb56b4686fe230b837623f,
        type: 3}
      propertyPath: m_LocalRotation.w
      value: 1
      objectReference: {fileID: 0}
    - target: {fileID: 8613986112135563126, guid: a9b2034f90cb56b4686fe230b837623f,
        type: 3}
      propertyPath: m_RootOrder
      value: 0
      objectReference: {fileID: 0}
    - target: {fileID: 8613986112135563126, guid: a9b2034f90cb56b4686fe230b837623f,
        type: 3}
      propertyPath: m_LocalEulerAnglesHint.x
      value: 0
      objectReference: {fileID: 0}
    - target: {fileID: 8613986112135563126, guid: a9b2034f90cb56b4686fe230b837623f,
        type: 3}
      propertyPath: m_LocalEulerAnglesHint.y
      value: 0
      objectReference: {fileID: 0}
    - target: {fileID: 8613986112135563126, guid: a9b2034f90cb56b4686fe230b837623f,
        type: 3}
      propertyPath: m_LocalEulerAnglesHint.z
      value: 0
      objectReference: {fileID: 0}
    - target: {fileID: 8613986112135563126, guid: a9b2034f90cb56b4686fe230b837623f,
        type: 3}
      propertyPath: m_LocalScale.x
      value: 0.7
      objectReference: {fileID: 0}
    - target: {fileID: 8613986112135563126, guid: a9b2034f90cb56b4686fe230b837623f,
        type: 3}
      propertyPath: m_LocalScale.y
      value: 0.7
      objectReference: {fileID: 0}
    - target: {fileID: 8613986112135563126, guid: a9b2034f90cb56b4686fe230b837623f,
        type: 3}
      propertyPath: m_LocalScale.z
      value: 0.7
      objectReference: {fileID: 0}
    m_RemovedComponents: []
  m_SourcePrefab: {fileID: 100100000, guid: a9b2034f90cb56b4686fe230b837623f, type: 3}
--- !u!198 &6070073098480336698 stripped
ParticleSystem:
  m_CorrespondingSourceObject: {fileID: 2636942890257797438, guid: a9b2034f90cb56b4686fe230b837623f,
    type: 3}
  m_PrefabInstance: {fileID: 8117024491371884036}
  m_PrefabAsset: {fileID: 0}
--- !u!4 &517474693807139186 stripped
Transform:
  m_CorrespondingSourceObject: {fileID: 8613986112135563126, guid: a9b2034f90cb56b4686fe230b837623f,
    type: 3}
  m_PrefabInstance: {fileID: 8117024491371884036}
  m_PrefabAsset: {fileID: 0}
--- !u!1001 &8573825261433674935
PrefabInstance:
  m_ObjectHideFlags: 0
  serializedVersion: 2
  m_Modification:
    m_TransformParent: {fileID: 1298833213336198718}
    m_Modifications:
    - target: {fileID: 150538, guid: 1c104e645d034af41b7164016df6b1d7, type: 3}
      propertyPath: m_Name
      value: smokeTrail_R
      objectReference: {fileID: 0}
    - target: {fileID: 150538, guid: 1c104e645d034af41b7164016df6b1d7, type: 3}
      propertyPath: m_Layer
      value: 9
      objectReference: {fileID: 0}
    - target: {fileID: 150538, guid: 1c104e645d034af41b7164016df6b1d7, type: 3}
      propertyPath: m_StaticEditorFlags
      value: 2
      objectReference: {fileID: 0}
    - target: {fileID: 455184, guid: 1c104e645d034af41b7164016df6b1d7, type: 3}
      propertyPath: m_LocalPosition.x
      value: 1.46
      objectReference: {fileID: 0}
    - target: {fileID: 455184, guid: 1c104e645d034af41b7164016df6b1d7, type: 3}
      propertyPath: m_LocalPosition.y
      value: -0.33
      objectReference: {fileID: 0}
    - target: {fileID: 455184, guid: 1c104e645d034af41b7164016df6b1d7, type: 3}
      propertyPath: m_LocalPosition.z
      value: 3.69
      objectReference: {fileID: 0}
    - target: {fileID: 455184, guid: 1c104e645d034af41b7164016df6b1d7, type: 3}
      propertyPath: m_LocalRotation.x
      value: -0.7071068
      objectReference: {fileID: 0}
    - target: {fileID: 455184, guid: 1c104e645d034af41b7164016df6b1d7, type: 3}
      propertyPath: m_LocalRotation.y
      value: 0
      objectReference: {fileID: 0}
    - target: {fileID: 455184, guid: 1c104e645d034af41b7164016df6b1d7, type: 3}
      propertyPath: m_LocalRotation.z
      value: 0
      objectReference: {fileID: 0}
    - target: {fileID: 455184, guid: 1c104e645d034af41b7164016df6b1d7, type: 3}
      propertyPath: m_LocalRotation.w
      value: 0.7071068
      objectReference: {fileID: 0}
    - target: {fileID: 455184, guid: 1c104e645d034af41b7164016df6b1d7, type: 3}
      propertyPath: m_RootOrder
      value: 3
      objectReference: {fileID: 0}
    - target: {fileID: 455184, guid: 1c104e645d034af41b7164016df6b1d7, type: 3}
      propertyPath: m_LocalEulerAnglesHint.x
      value: -90
      objectReference: {fileID: 0}
    - target: {fileID: 455184, guid: 1c104e645d034af41b7164016df6b1d7, type: 3}
      propertyPath: m_LocalEulerAnglesHint.y
      value: 0
      objectReference: {fileID: 0}
    - target: {fileID: 455184, guid: 1c104e645d034af41b7164016df6b1d7, type: 3}
      propertyPath: m_LocalEulerAnglesHint.z
      value: 0
      objectReference: {fileID: 0}
    - target: {fileID: 455184, guid: 1c104e645d034af41b7164016df6b1d7, type: 3}
      propertyPath: m_LocalScale.z
      value: 2.5
      objectReference: {fileID: 0}
    - target: {fileID: 455184, guid: 1c104e645d034af41b7164016df6b1d7, type: 3}
      propertyPath: m_LocalScale.x
      value: 2.5
      objectReference: {fileID: 0}
    - target: {fileID: 455184, guid: 1c104e645d034af41b7164016df6b1d7, type: 3}
      propertyPath: m_LocalScale.y
      value: 2.5
      objectReference: {fileID: 0}
    - target: {fileID: 19869376, guid: 1c104e645d034af41b7164016df6b1d7, type: 3}
      propertyPath: InitialModule.gravityModifier.scalar
      value: -10
      objectReference: {fileID: 0}
    m_RemovedComponents: []
  m_SourcePrefab: {fileID: 100100000, guid: 1c104e645d034af41b7164016df6b1d7, type: 3}
--- !u!198 &8573825261452751479 stripped
ParticleSystem:
  m_CorrespondingSourceObject: {fileID: 19869376, guid: 1c104e645d034af41b7164016df6b1d7,
    type: 3}
  m_PrefabInstance: {fileID: 8573825261433674935}
  m_PrefabAsset: {fileID: 0}
--- !u!4 &8573825261433302695 stripped
Transform:
  m_CorrespondingSourceObject: {fileID: 455184, guid: 1c104e645d034af41b7164016df6b1d7,
    type: 3}
  m_PrefabInstance: {fileID: 8573825261433674935}
  m_PrefabAsset: {fileID: 0}
--- !u!1001 &9132847755303196862
PrefabInstance:
  m_ObjectHideFlags: 0
  serializedVersion: 2
  m_Modification:
    m_TransformParent: {fileID: 5223199414548730844}
    m_Modifications:
    - target: {fileID: 2636942890257797438, guid: a9b2034f90cb56b4686fe230b837623f,
        type: 3}
      propertyPath: prewarm
      value: 1
      objectReference: {fileID: 0}
    - target: {fileID: 2636942890257797438, guid: a9b2034f90cb56b4686fe230b837623f,
        type: 3}
      propertyPath: startDelay.maxCurve.m_Curve.Array.data[0].value
      value: 0
      objectReference: {fileID: 0}
    - target: {fileID: 2636942890257797438, guid: a9b2034f90cb56b4686fe230b837623f,
        type: 3}
      propertyPath: startDelay.maxCurve.m_Curve.Array.data[1].value
      value: 0
      objectReference: {fileID: 0}
    - target: {fileID: 4998912071893044577, guid: a9b2034f90cb56b4686fe230b837623f,
        type: 3}
      propertyPath: m_Materials.Array.size
      value: 1
      objectReference: {fileID: 0}
    - target: {fileID: 7409969087160862763, guid: a9b2034f90cb56b4686fe230b837623f,
        type: 3}
      propertyPath: m_Name
      value: R.R
      objectReference: {fileID: 0}
    - target: {fileID: 7409969087160862763, guid: a9b2034f90cb56b4686fe230b837623f,
        type: 3}
      propertyPath: m_Layer
      value: 9
      objectReference: {fileID: 0}
    - target: {fileID: 7409969087160862763, guid: a9b2034f90cb56b4686fe230b837623f,
        type: 3}
      propertyPath: m_StaticEditorFlags
      value: 2
      objectReference: {fileID: 0}
    - target: {fileID: 8613986112135563126, guid: a9b2034f90cb56b4686fe230b837623f,
        type: 3}
      propertyPath: m_LocalPosition.x
      value: 2.62
      objectReference: {fileID: 0}
    - target: {fileID: 8613986112135563126, guid: a9b2034f90cb56b4686fe230b837623f,
        type: 3}
      propertyPath: m_LocalPosition.y
      value: -2.45
      objectReference: {fileID: 0}
    - target: {fileID: 8613986112135563126, guid: a9b2034f90cb56b4686fe230b837623f,
        type: 3}
      propertyPath: m_LocalPosition.z
      value: 2.02
      objectReference: {fileID: 0}
    - target: {fileID: 8613986112135563126, guid: a9b2034f90cb56b4686fe230b837623f,
        type: 3}
      propertyPath: m_LocalRotation.x
      value: -0
      objectReference: {fileID: 0}
    - target: {fileID: 8613986112135563126, guid: a9b2034f90cb56b4686fe230b837623f,
        type: 3}
      propertyPath: m_LocalRotation.y
      value: -0.73034126
      objectReference: {fileID: 0}
    - target: {fileID: 8613986112135563126, guid: a9b2034f90cb56b4686fe230b837623f,
        type: 3}
      propertyPath: m_LocalRotation.z
      value: 0
      objectReference: {fileID: 0}
    - target: {fileID: 8613986112135563126, guid: a9b2034f90cb56b4686fe230b837623f,
        type: 3}
      propertyPath: m_LocalRotation.w
      value: -0.6830826
      objectReference: {fileID: 0}
    - target: {fileID: 8613986112135563126, guid: a9b2034f90cb56b4686fe230b837623f,
        type: 3}
      propertyPath: m_RootOrder
      value: 1
      objectReference: {fileID: 0}
    - target: {fileID: 8613986112135563126, guid: a9b2034f90cb56b4686fe230b837623f,
        type: 3}
      propertyPath: m_LocalEulerAnglesHint.x
      value: 0
      objectReference: {fileID: 0}
    - target: {fileID: 8613986112135563126, guid: a9b2034f90cb56b4686fe230b837623f,
        type: 3}
      propertyPath: m_LocalEulerAnglesHint.y
      value: -266.17
      objectReference: {fileID: 0}
    - target: {fileID: 8613986112135563126, guid: a9b2034f90cb56b4686fe230b837623f,
        type: 3}
      propertyPath: m_LocalEulerAnglesHint.z
      value: 0
      objectReference: {fileID: 0}
    - target: {fileID: 8613986112135563126, guid: a9b2034f90cb56b4686fe230b837623f,
        type: 3}
      propertyPath: m_LocalScale.x
      value: 0.7
      objectReference: {fileID: 0}
    - target: {fileID: 8613986112135563126, guid: a9b2034f90cb56b4686fe230b837623f,
        type: 3}
      propertyPath: m_LocalScale.y
      value: 0.7
      objectReference: {fileID: 0}
    - target: {fileID: 8613986112135563126, guid: a9b2034f90cb56b4686fe230b837623f,
        type: 3}
      propertyPath: m_LocalScale.z
      value: 0.7
      objectReference: {fileID: 0}
    m_RemovedComponents: []
  m_SourcePrefab: {fileID: 100100000, guid: a9b2034f90cb56b4686fe230b837623f, type: 3}
--- !u!198 &6495924812225759616 stripped
ParticleSystem:
  m_CorrespondingSourceObject: {fileID: 2636942890257797438, guid: a9b2034f90cb56b4686fe230b837623f,
    type: 3}
  m_PrefabInstance: {fileID: 9132847755303196862}
  m_PrefabAsset: {fileID: 0}
--- !u!4 &663544408266710984 stripped
Transform:
  m_CorrespondingSourceObject: {fileID: 8613986112135563126, guid: a9b2034f90cb56b4686fe230b837623f,
    type: 3}
  m_PrefabInstance: {fileID: 9132847755303196862}
  m_PrefabAsset: {fileID: 0}
