%YAML 1.1
%TAG !u! tag:unity3d.com,2011:
--- !u!1 &56575006681301216
GameObject:
  m_ObjectHideFlags: 0
  m_CorrespondingSourceObject: {fileID: 0}
  m_PrefabInstance: {fileID: 0}
  m_PrefabAsset: {fileID: 0}
  serializedVersion: 6
  m_Component:
  - component: {fileID: 3493518814024387988}
  m_Layer: 9
  m_Name: CoM
  m_TagString: Player
  m_Icon: {fileID: 0}
  m_NavMeshLayer: 0
  m_StaticEditorFlags: 0
  m_IsActive: 1
--- !u!4 &3493518814024387988
Transform:
  m_ObjectHideFlags: 0
  m_CorrespondingSourceObject: {fileID: 0}
  m_PrefabInstance: {fileID: 0}
  m_PrefabAsset: {fileID: 0}
  m_GameObject: {fileID: 56575006681301216}
  m_LocalRotation: {x: -0.000000021855694, y: -0, z: -0, w: 1}
  m_LocalPosition: {x: 0, y: 0.7871427, z: -1.0914284}
  m_LocalScale: {x: 0.5882357, y: 0.5882357, z: 0.5882357}
  m_Children: []
  m_Father: {fileID: 807064327423403225}
  m_RootOrder: 7
  m_LocalEulerAnglesHint: {x: 0, y: 0, z: 0}
--- !u!1 &1380117942879520341
GameObject:
  m_ObjectHideFlags: 0
  m_CorrespondingSourceObject: {fileID: 0}
  m_PrefabInstance: {fileID: 0}
  m_PrefabAsset: {fileID: 0}
  serializedVersion: 6
  m_Component:
  - component: {fileID: 97305643325290490}
  - component: {fileID: 6258147099480210241}
  m_Layer: 9
  m_Name: nearMiss
  m_TagString: Player
  m_Icon: {fileID: 0}
  m_NavMeshLayer: 0
  m_StaticEditorFlags: 0
  m_IsActive: 1
--- !u!4 &97305643325290490
Transform:
  m_ObjectHideFlags: 0
  m_CorrespondingSourceObject: {fileID: 0}
  m_PrefabInstance: {fileID: 0}
  m_PrefabAsset: {fileID: 0}
  m_GameObject: {fileID: 1380117942879520341}
  m_LocalRotation: {x: 0.000000021855694, y: -0, z: -0, w: 1}
  m_LocalPosition: {x: -1.824, y: 0.40800002, z: 0.000000017834248}
  m_LocalScale: {x: 1.1999999, y: 1.1999999, z: 1.1999999}
  m_Children:
  - {fileID: 5919596939499322132}
  - {fileID: 8124857090102075433}
  m_Father: {fileID: 807064327423403225}
  m_RootOrder: 9
  m_LocalEulerAnglesHint: {x: 0, y: 0, z: 0}
--- !u!82 &6258147099480210241
AudioSource:
  m_ObjectHideFlags: 0
  m_CorrespondingSourceObject: {fileID: 0}
  m_PrefabInstance: {fileID: 0}
  m_PrefabAsset: {fileID: 0}
  m_GameObject: {fileID: 1380117942879520341}
  m_Enabled: 1
  serializedVersion: 4
  OutputAudioMixerGroup: {fileID: 0}
  m_audioClip: {fileID: 8300000, guid: a3fe4877af5954daf8421891099b2afe, type: 3}
  m_PlayOnAwake: 0
  m_Volume: 0.5
  m_Pitch: 1
  Loop: 0
  Mute: 0
  Spatialize: 0
  SpatializePostEffects: 0
  Priority: 128
  DopplerLevel: 1
  MinDistance: 1
  MaxDistance: 500
  Pan2D: 0
  rolloffMode: 0
  BypassEffects: 0
  BypassListenerEffects: 0
  BypassReverbZones: 0
  rolloffCustomCurve:
    serializedVersion: 2
    m_Curve:
    - serializedVersion: 3
      time: 0
      value: 1
      inSlope: 0
      outSlope: 0
      tangentMode: 0
      weightedMode: 0
      inWeight: 0.33333334
      outWeight: 0.33333334
    - serializedVersion: 3
      time: 1
      value: 0
      inSlope: 0
      outSlope: 0
      tangentMode: 0
      weightedMode: 0
      inWeight: 0.33333334
      outWeight: 0.33333334
    m_PreInfinity: 2
    m_PostInfinity: 2
    m_RotationOrder: 4
  panLevelCustomCurve:
    serializedVersion: 2
    m_Curve:
    - serializedVersion: 3
      time: 0
      value: 0
      inSlope: 0
      outSlope: 0
      tangentMode: 0
      weightedMode: 0
      inWeight: 0.33333334
      outWeight: 0.33333334
    m_PreInfinity: 2
    m_PostInfinity: 2
    m_RotationOrder: 4
  spreadCustomCurve:
    serializedVersion: 2
    m_Curve:
    - serializedVersion: 3
      time: 0
      value: 0
      inSlope: 0
      outSlope: 0
      tangentMode: 0
      weightedMode: 0
      inWeight: 0.33333334
      outWeight: 0.33333334
    m_PreInfinity: 2
    m_PostInfinity: 2
    m_RotationOrder: 4
  reverbZoneMixCustomCurve:
    serializedVersion: 2
    m_Curve:
    - serializedVersion: 3
      time: 0
      value: 1
      inSlope: 0
      outSlope: 0
      tangentMode: 0
      weightedMode: 0
      inWeight: 0.33333334
      outWeight: 0.33333334
    m_PreInfinity: 2
    m_PostInfinity: 2
    m_RotationOrder: 4
--- !u!1 &1750924147817992484
GameObject:
  m_ObjectHideFlags: 0
  m_CorrespondingSourceObject: {fileID: 0}
  m_PrefabInstance: {fileID: 0}
  m_PrefabAsset: {fileID: 0}
  serializedVersion: 6
  m_Component:
  - component: {fileID: 8124857090102075433}
  - component: {fileID: 2173084908927904422}
  - component: {fileID: 8431015239502517585}
  m_Layer: 9
  m_Name: right
  m_TagString: nearmiss
  m_Icon: {fileID: 0}
  m_NavMeshLayer: 0
  m_StaticEditorFlags: 0
  m_IsActive: 1
--- !u!4 &8124857090102075433
Transform:
  m_ObjectHideFlags: 0
  m_CorrespondingSourceObject: {fileID: 0}
  m_PrefabInstance: {fileID: 0}
  m_PrefabAsset: {fileID: 0}
  m_GameObject: {fileID: 1750924147817992484}
  m_LocalRotation: {x: 0, y: 0, z: 0, w: 1}
  m_LocalPosition: {x: 2.69, y: 0.67, z: -0}
  m_LocalScale: {x: 1, y: 1, z: 1}
  m_Children: []
  m_Father: {fileID: 97305643325290490}
  m_RootOrder: 1
  m_LocalEulerAnglesHint: {x: 0, y: 0, z: 0}
--- !u!65 &2173084908927904422
BoxCollider:
  m_ObjectHideFlags: 0
  m_CorrespondingSourceObject: {fileID: 0}
  m_PrefabInstance: {fileID: 0}
  m_PrefabAsset: {fileID: 0}
  m_GameObject: {fileID: 1750924147817992484}
  m_Material: {fileID: 0}
  m_IsTrigger: 1
  m_Enabled: 1
  serializedVersion: 2
  m_Size: {x: 0.2, y: 1.32, z: 4.76}
  m_Center: {x: 0, y: 0, z: 0}
--- !u!114 &8431015239502517585
MonoBehaviour:
  m_ObjectHideFlags: 0
  m_CorrespondingSourceObject: {fileID: 0}
  m_PrefabInstance: {fileID: 0}
  m_PrefabAsset: {fileID: 0}
  m_GameObject: {fileID: 1750924147817992484}
  m_Enabled: 1
  m_EditorHideFlags: 0
  m_Script: {fileID: 11500000, guid: d3fe07b38250b421991932c93b29d19d, type: 3}
  m_Name: 
  m_EditorClassIdentifier: 
  side: 1
  particleSystemPrefab: {fileID: 147642, guid: 2a8c361e6a3e947dc9c4486c4c52e756, type: 3}
  obstacleNearMissPrefab: {fileID: 0}
--- !u!1 &3906457877692810517
GameObject:
  m_ObjectHideFlags: 0
  m_CorrespondingSourceObject: {fileID: 0}
  m_PrefabInstance: {fileID: 0}
  m_PrefabAsset: {fileID: 0}
  serializedVersion: 6
  m_Component:
  - component: {fileID: 6916826619889004645}
  - component: {fileID: 5135757668315234244}
  m_Layer: 9
  m_Name: speedBoost
  m_TagString: Untagged
  m_Icon: {fileID: 0}
  m_NavMeshLayer: 0
  m_StaticEditorFlags: 0
  m_IsActive: 1
--- !u!4 &6916826619889004645
Transform:
  m_ObjectHideFlags: 0
  m_CorrespondingSourceObject: {fileID: 0}
  m_PrefabInstance: {fileID: 0}
  m_PrefabAsset: {fileID: 0}
  m_GameObject: {fileID: 3906457877692810517}
  m_LocalRotation: {x: -0.000000021855694, y: -0, z: -0, w: 1}
  m_LocalPosition: {x: -0.06, y: 0.76, z: -2.78}
  m_LocalScale: {x: 1, y: 1, z: 1}
  m_Children:
  - {fileID: 8840178284444400878}
  - {fileID: 4421489428693659297}
  - {fileID: 3027971985758787640}
  - {fileID: 291667507818017951}
  - {fileID: 4459780453718298051}
  m_Father: {fileID: 807064327423403225}
  m_RootOrder: 4
  m_LocalEulerAnglesHint: {x: 0, y: 0, z: 0}
--- !u!114 &5135757668315234244
MonoBehaviour:
  m_ObjectHideFlags: 0
  m_CorrespondingSourceObject: {fileID: 0}
  m_PrefabInstance: {fileID: 0}
  m_PrefabAsset: {fileID: 0}
  m_GameObject: {fileID: 3906457877692810517}
  m_Enabled: 1
  m_EditorHideFlags: 0
  m_Script: {fileID: 11500000, guid: 503ad74bd4a5d4b59acf0cf312fb2082, type: 3}
  m_Name: 
  m_EditorClassIdentifier: 
  boostParticles:
  - {fileID: 8840178284425058704}
  - {fileID: 4421489428674317279}
  smokeTrail: []
--- !u!1 &4308120367570117924
GameObject:
  m_ObjectHideFlags: 0
  m_CorrespondingSourceObject: {fileID: 0}
  m_PrefabInstance: {fileID: 0}
  m_PrefabAsset: {fileID: 0}
  serializedVersion: 6
  m_Component:
  - component: {fileID: 5919596939499322132}
  - component: {fileID: 8053544500824581524}
  - component: {fileID: 3828837166448856758}
  m_Layer: 9
  m_Name: left
  m_TagString: nearmiss
  m_Icon: {fileID: 0}
  m_NavMeshLayer: 0
  m_StaticEditorFlags: 0
  m_IsActive: 1
--- !u!4 &5919596939499322132
Transform:
  m_ObjectHideFlags: 0
  m_CorrespondingSourceObject: {fileID: 0}
  m_PrefabInstance: {fileID: 0}
  m_PrefabAsset: {fileID: 0}
  m_GameObject: {fileID: 4308120367570117924}
  m_LocalRotation: {x: 0, y: 0, z: 0, w: 1}
  m_LocalPosition: {x: 0.35, y: 0.67, z: -0}
  m_LocalScale: {x: 1, y: 1, z: 1}
  m_Children: []
  m_Father: {fileID: 97305643325290490}
  m_RootOrder: 0
  m_LocalEulerAnglesHint: {x: 0, y: 0, z: 0}
--- !u!65 &8053544500824581524
BoxCollider:
  m_ObjectHideFlags: 0
  m_CorrespondingSourceObject: {fileID: 0}
  m_PrefabInstance: {fileID: 0}
  m_PrefabAsset: {fileID: 0}
  m_GameObject: {fileID: 4308120367570117924}
  m_Material: {fileID: 0}
  m_IsTrigger: 1
  m_Enabled: 1
  serializedVersion: 2
  m_Size: {x: 0.2, y: 1.32, z: 4.76}
  m_Center: {x: 0, y: 0, z: 0}
--- !u!114 &3828837166448856758
MonoBehaviour:
  m_ObjectHideFlags: 0
  m_CorrespondingSourceObject: {fileID: 0}
  m_PrefabInstance: {fileID: 0}
  m_PrefabAsset: {fileID: 0}
  m_GameObject: {fileID: 4308120367570117924}
  m_Enabled: 1
  m_EditorHideFlags: 0
  m_Script: {fileID: 11500000, guid: d3fe07b38250b421991932c93b29d19d, type: 3}
  m_Name: 
  m_EditorClassIdentifier: 
  side: 0
  particleSystemPrefab: {fileID: 147642, guid: 2a8c361e6a3e947dc9c4486c4c52e756, type: 3}
  obstacleNearMissPrefab: {fileID: 0}
--- !u!1 &4424818941665269450
GameObject:
  m_ObjectHideFlags: 0
  m_CorrespondingSourceObject: {fileID: 0}
  m_PrefabInstance: {fileID: 0}
  m_PrefabAsset: {fileID: 0}
  serializedVersion: 6
  m_Component:
  - component: {fileID: 807064327423403225}
  - component: {fileID: 8532142086587752175}
  - component: {fileID: 2689998553051488790}
  - component: {fileID: 4466642938440309593}
  - component: {fileID: 4881951780885817321}
  m_Layer: 9
  m_Name: city1_sedan_2
  m_TagString: Player
  m_Icon: {fileID: 0}
  m_NavMeshLayer: 0
  m_StaticEditorFlags: 0
  m_IsActive: 1
--- !u!4 &807064327423403225
Transform:
  m_ObjectHideFlags: 0
  m_CorrespondingSourceObject: {fileID: 0}
  m_PrefabInstance: {fileID: 0}
  m_PrefabAsset: {fileID: 0}
  m_GameObject: {fileID: 4424818941665269450}
  m_LocalRotation: {x: 0.000000021855694, y: -0, z: -0, w: 1}
  m_LocalPosition: {x: 0, y: 0, z: 0}
  m_LocalScale: {x: 1.2, y: 1.2, z: 1.2}
  m_Children:
  - {fileID: 1384368533400691877}
  - {fileID: 5634502725496098133}
  - {fileID: 3112582388628464756}
  - {fileID: 4759678037410373800}
  - {fileID: 6916826619889004645}
  - {fileID: 4420968409916063831}
  - {fileID: 6343887275146186558}
  - {fileID: 3493518814024387988}
  - {fileID: 4492659233853580919}
  - {fileID: 97305643325290490}
  - {fileID: 5841924131095277228}
  m_Father: {fileID: 0}
  m_RootOrder: 0
  m_LocalEulerAnglesHint: {x: 0, y: 0, z: 0}
--- !u!33 &8532142086587752175
MeshFilter:
  m_ObjectHideFlags: 0
  m_CorrespondingSourceObject: {fileID: 0}
  m_PrefabInstance: {fileID: 0}
  m_PrefabAsset: {fileID: 0}
  m_GameObject: {fileID: 4424818941665269450}
  m_Mesh: {fileID: -3738836202716371365, guid: 01a65be50d04049f2b9120b72b8cfdc4, type: 3}
--- !u!23 &2689998553051488790
MeshRenderer:
  m_ObjectHideFlags: 0
  m_CorrespondingSourceObject: {fileID: 0}
  m_PrefabInstance: {fileID: 0}
  m_PrefabAsset: {fileID: 0}
  m_GameObject: {fileID: 4424818941665269450}
  m_Enabled: 1
  m_CastShadows: 0
  m_ReceiveShadows: 1
  m_DynamicOccludee: 1
  m_MotionVectors: 1
  m_LightProbeUsage: 1
  m_ReflectionProbeUsage: 1
  m_RayTracingMode: 2
  m_RayTraceProcedural: 0
  m_RenderingLayerMask: 1
  m_RendererPriority: 0
  m_Materials:
  - {fileID: 2100000, guid: d086bad454a649844afd5bccaf0ba1d8, type: 2}
  m_StaticBatchInfo:
    firstSubMesh: 0
    subMeshCount: 0
  m_StaticBatchRoot: {fileID: 0}
  m_ProbeAnchor: {fileID: 0}
  m_LightProbeVolumeOverride: {fileID: 0}
  m_ScaleInLightmap: 1
  m_ReceiveGI: 1
  m_PreserveUVs: 0
  m_IgnoreNormalsForChartDetection: 0
  m_ImportantGI: 0
  m_StitchLightmapSeams: 1
  m_SelectedEditorRenderState: 3
  m_MinimumChartSize: 4
  m_AutoUVMaxDistance: 0.5
  m_AutoUVMaxAngle: 89
  m_LightmapParameters: {fileID: 0}
  m_SortingLayerID: 0
  m_SortingLayer: 0
  m_SortingOrder: 0
  m_AdditionalVertexStreams: {fileID: 0}
--- !u!65 &4466642938440309593
BoxCollider:
  m_ObjectHideFlags: 0
  m_CorrespondingSourceObject: {fileID: 0}
  m_PrefabInstance: {fileID: 0}
  m_PrefabAsset: {fileID: 0}
  m_GameObject: {fileID: 4424818941665269450}
  m_Material: {fileID: 0}
  m_IsTrigger: 0
  m_Enabled: 1
  serializedVersion: 2
  m_Size: {x: 2.5325963, y: 1.2, z: 6.12}
  m_Center: {x: 0, y: 1.27, z: 0.07324004}
--- !u!114 &4881951780885817321
MonoBehaviour:
  m_ObjectHideFlags: 0
  m_CorrespondingSourceObject: {fileID: 0}
  m_PrefabInstance: {fileID: 0}
  m_PrefabAsset: {fileID: 0}
  m_GameObject: {fileID: 4424818941665269450}
  m_Enabled: 1
  m_EditorHideFlags: 0
  m_Script: {fileID: 11500000, guid: 802636f8a0b271a4daa83c2cbc1091f5, type: 3}
  m_Name: 
  m_EditorClassIdentifier: 
  carId: city1_sedan_2
  mass: 100
  centerOfMass: {fileID: 56575006681301216}
  rearEndPosition: {fileID: 0}
  wheels:
  - {fileID: 1391573682016491504}
  - {fileID: 5640856787165511168}
  - {fileID: 3119730156087121697}
  - {fileID: 4788552126188049405}
  policeLight: {fileID: 1865367604826446533}
  speedBoost: {fileID: 5135757668315234244}
  attackLocation: {fileID: 6705765493958468269}
  explosionForceLocations: {fileID: 4884496589723939259}
  nearMissBehaviours:
  - {fileID: 3828837166448856758}
  - {fileID: 8431015239502517585}
  wheelTrails:
  - {fileID: 262984505120617417}
  - {fileID: 3086085305012137799}
  screenShot: {fileID: 21300000, guid: dd28919967f57c642842f2d795f1d715, type: 3}
  boostCurve:
    serializedVersion: 2
    m_Curve:
    - serializedVersion: 3
      time: 0
      value: -0.004115226
      inSlope: 0
      outSlope: 0
      tangentMode: 136
      weightedMode: 0
      inWeight: 0.33333334
      outWeight: 0.33333334
    - serializedVersion: 3
      time: 0.24967414
      value: 0.8
      inSlope: 0.013789343
      outSlope: 0.013789343
      tangentMode: 0
      weightedMode: 2
      inWeight: 0.074979074
      outWeight: 0.27617654
    - serializedVersion: 3
      time: 0.55062294
      value: 0.79808503
      inSlope: -0.20896389
      outSlope: -0.20896389
      tangentMode: 0
      weightedMode: 3
      inWeight: 0.34659773
      outWeight: 0.3128159
    - serializedVersion: 3
      time: 1
      value: 0
      inSlope: -1.7765763
      outSlope: -1.7765763
      tangentMode: 0
      weightedMode: 1
      inWeight: 0.2788451
      outWeight: 0.33333334
    m_PreInfinity: 2
    m_PostInfinity: 2
    m_RotationOrder: 4
--- !u!1 &4884496589723939259
GameObject:
  m_ObjectHideFlags: 0
  m_CorrespondingSourceObject: {fileID: 0}
  m_PrefabInstance: {fileID: 0}
  m_PrefabAsset: {fileID: 0}
  serializedVersion: 6
  m_Component:
  - component: {fileID: 6343887275146186558}
  m_Layer: 9
  m_Name: explosionForcePosition
  m_TagString: Untagged
  m_Icon: {fileID: 0}
  m_NavMeshLayer: 0
  m_StaticEditorFlags: 0
  m_IsActive: 1
--- !u!4 &6343887275146186558
Transform:
  m_ObjectHideFlags: 0
  m_CorrespondingSourceObject: {fileID: 0}
  m_PrefabInstance: {fileID: 0}
  m_PrefabAsset: {fileID: 0}
  m_GameObject: {fileID: 4884496589723939259}
  m_LocalRotation: {x: -0.000000021855694, y: -0, z: -0, w: 1}
  m_LocalPosition: {x: -0.052, y: 0.404, z: -2.871}
  m_LocalScale: {x: 0.7142857, y: 0.7142857, z: 0.7142857}
  m_Children: []
  m_Father: {fileID: 807064327423403225}
  m_RootOrder: 6
  m_LocalEulerAnglesHint: {x: 0, y: 0, z: 0}
--- !u!1 &5867016428314377750
GameObject:
  m_ObjectHideFlags: 0
  m_CorrespondingSourceObject: {fileID: 0}
  m_PrefabInstance: {fileID: 0}
  m_PrefabAsset: {fileID: 0}
  serializedVersion: 6
  m_Component:
  - component: {fileID: 4492659233853580919}
  m_Layer: 9
  m_Name: wheel_trails
  m_TagString: Untagged
  m_Icon: {fileID: 0}
  m_NavMeshLayer: 0
  m_StaticEditorFlags: 0
  m_IsActive: 1
--- !u!4 &4492659233853580919
Transform:
  m_ObjectHideFlags: 0
  m_CorrespondingSourceObject: {fileID: 0}
  m_PrefabInstance: {fileID: 0}
  m_PrefabAsset: {fileID: 0}
  m_GameObject: {fileID: 5867016428314377750}
  m_LocalRotation: {x: -0.000000021855694, y: -0, z: -0, w: 1}
  m_LocalPosition: {x: -0.842928, y: 2.424963, z: -2.0482457}
  m_LocalScale: {x: 0.7142857, y: 0.7142857, z: 0.7142857}
  m_Children:
  - {fileID: 5815559094166529409}
  - {fileID: 8773206788288739599}
  m_Father: {fileID: 807064327423403225}
  m_RootOrder: 8
  m_LocalEulerAnglesHint: {x: 0, y: 0, z: 0}
--- !u!1 &6705765493958468269
GameObject:
  m_ObjectHideFlags: 0
  m_CorrespondingSourceObject: {fileID: 0}
  m_PrefabInstance: {fileID: 0}
  m_PrefabAsset: {fileID: 0}
  serializedVersion: 6
  m_Component:
  - component: {fileID: 4420968409916063831}
  m_Layer: 9
  m_Name: attackLocation
  m_TagString: Untagged
  m_Icon: {fileID: 0}
  m_NavMeshLayer: 0
  m_StaticEditorFlags: 0
  m_IsActive: 1
--- !u!4 &4420968409916063831
Transform:
  m_ObjectHideFlags: 0
  m_CorrespondingSourceObject: {fileID: 0}
  m_PrefabInstance: {fileID: 0}
  m_PrefabAsset: {fileID: 0}
  m_GameObject: {fileID: 6705765493958468269}
  m_LocalRotation: {x: -0.000000021855694, y: -0, z: -0, w: 1}
  m_LocalPosition: {x: 0, y: 0.87, z: 3}
  m_LocalScale: {x: 1, y: 1, z: 1}
  m_Children: []
  m_Father: {fileID: 807064327423403225}
  m_RootOrder: 5
  m_LocalEulerAnglesHint: {x: 0, y: 0, z: 0}
--- !u!1001 &296274447215697871
PrefabInstance:
  m_ObjectHideFlags: 0
  serializedVersion: 2
  m_Modification:
    m_TransformParent: {fileID: 6916826619889004645}
    m_Modifications:
    - target: {fileID: 1019326057566698, guid: f683447c6570076418716c53d120168a, type: 3}
      propertyPath: m_Name
      value: wind_lines_left
      objectReference: {fileID: 0}
    - target: {fileID: 1019326057566698, guid: f683447c6570076418716c53d120168a, type: 3}
      propertyPath: m_Layer
      value: 9
      objectReference: {fileID: 0}
    - target: {fileID: 4681753433549648, guid: f683447c6570076418716c53d120168a, type: 3}
      propertyPath: m_LocalPosition.x
      value: -1.9329388
      objectReference: {fileID: 0}
    - target: {fileID: 4681753433549648, guid: f683447c6570076418716c53d120168a, type: 3}
      propertyPath: m_LocalPosition.y
      value: 0.77714187
      objectReference: {fileID: 0}
    - target: {fileID: 4681753433549648, guid: f683447c6570076418716c53d120168a, type: 3}
      propertyPath: m_LocalPosition.z
      value: 11.69973
      objectReference: {fileID: 0}
    - target: {fileID: 4681753433549648, guid: f683447c6570076418716c53d120168a, type: 3}
      propertyPath: m_LocalRotation.x
      value: -0
      objectReference: {fileID: 0}
    - target: {fileID: 4681753433549648, guid: f683447c6570076418716c53d120168a, type: 3}
      propertyPath: m_LocalRotation.y
      value: 0.7071068
      objectReference: {fileID: 0}
    - target: {fileID: 4681753433549648, guid: f683447c6570076418716c53d120168a, type: 3}
      propertyPath: m_LocalRotation.z
      value: -0
      objectReference: {fileID: 0}
    - target: {fileID: 4681753433549648, guid: f683447c6570076418716c53d120168a, type: 3}
      propertyPath: m_LocalRotation.w
      value: 0.7071068
      objectReference: {fileID: 0}
    - target: {fileID: 4681753433549648, guid: f683447c6570076418716c53d120168a, type: 3}
      propertyPath: m_RootOrder
      value: 3
      objectReference: {fileID: 0}
    - target: {fileID: 4681753433549648, guid: f683447c6570076418716c53d120168a, type: 3}
      propertyPath: m_LocalEulerAnglesHint.x
      value: 0
      objectReference: {fileID: 0}
    - target: {fileID: 4681753433549648, guid: f683447c6570076418716c53d120168a, type: 3}
      propertyPath: m_LocalEulerAnglesHint.y
      value: 90
      objectReference: {fileID: 0}
    - target: {fileID: 4681753433549648, guid: f683447c6570076418716c53d120168a, type: 3}
      propertyPath: m_LocalEulerAnglesHint.z
      value: 0
      objectReference: {fileID: 0}
    - target: {fileID: 4681753433549648, guid: f683447c6570076418716c53d120168a, type: 3}
      propertyPath: m_LocalScale.x
      value: 0.82352847
      objectReference: {fileID: 0}
    - target: {fileID: 4681753433549648, guid: f683447c6570076418716c53d120168a, type: 3}
      propertyPath: m_LocalScale.y
      value: 0.82352835
      objectReference: {fileID: 0}
    - target: {fileID: 4681753433549648, guid: f683447c6570076418716c53d120168a, type: 3}
      propertyPath: m_LocalScale.z
      value: 0.82352847
      objectReference: {fileID: 0}
    - target: {fileID: 198893393215934218, guid: f683447c6570076418716c53d120168a,
        type: 3}
      propertyPath: playOnAwake
      value: 0
      objectReference: {fileID: 0}
    - target: {fileID: 198893393215934218, guid: f683447c6570076418716c53d120168a,
        type: 3}
      propertyPath: prewarm
      value: 1
      objectReference: {fileID: 0}
    - target: {fileID: 198893393215934218, guid: f683447c6570076418716c53d120168a,
        type: 3}
      propertyPath: EmissionModule.rateOverTime.scalar
      value: 20
      objectReference: {fileID: 0}
    - target: {fileID: 198893393215934218, guid: f683447c6570076418716c53d120168a,
        type: 3}
      propertyPath: InitialModule.startColor.maxColor.r
      value: 0.7416163
      objectReference: {fileID: 0}
    - target: {fileID: 198893393215934218, guid: f683447c6570076418716c53d120168a,
        type: 3}
      propertyPath: InitialModule.startColor.maxColor.g
      value: 0.740566
      objectReference: {fileID: 0}
    - target: {fileID: 198893393215934218, guid: f683447c6570076418716c53d120168a,
        type: 3}
      propertyPath: InitialModule.startColor.maxColor.b
      value: 1
      objectReference: {fileID: 0}
    m_RemovedComponents: []
  m_SourcePrefab: {fileID: 100100000, guid: f683447c6570076418716c53d120168a, type: 3}
--- !u!4 &291667507818017951 stripped
Transform:
  m_CorrespondingSourceObject: {fileID: 4681753433549648, guid: f683447c6570076418716c53d120168a,
    type: 3}
  m_PrefabInstance: {fileID: 296274447215697871}
  m_PrefabAsset: {fileID: 0}
--- !u!1001 &1030118895673147001
PrefabInstance:
  m_ObjectHideFlags: 0
  serializedVersion: 2
  m_Modification:
    m_TransformParent: {fileID: 4492659233853580919}
    m_Modifications:
    - target: {fileID: 2636942890257797438, guid: a9b2034f90cb56b4686fe230b837623f,
        type: 3}
      propertyPath: prewarm
      value: 1
      objectReference: {fileID: 0}
    - target: {fileID: 2636942890257797438, guid: a9b2034f90cb56b4686fe230b837623f,
        type: 3}
      propertyPath: startDelay.maxCurve.m_Curve.Array.data[0].value
      value: 0
      objectReference: {fileID: 0}
    - target: {fileID: 2636942890257797438, guid: a9b2034f90cb56b4686fe230b837623f,
        type: 3}
      propertyPath: startDelay.maxCurve.m_Curve.Array.data[1].value
      value: 0
      objectReference: {fileID: 0}
    - target: {fileID: 4998912071893044577, guid: a9b2034f90cb56b4686fe230b837623f,
        type: 3}
      propertyPath: m_Materials.Array.size
      value: 1
      objectReference: {fileID: 0}
    - target: {fileID: 7409969087160862763, guid: a9b2034f90cb56b4686fe230b837623f,
        type: 3}
      propertyPath: m_Name
      value: R.R
      objectReference: {fileID: 0}
    - target: {fileID: 7409969087160862763, guid: a9b2034f90cb56b4686fe230b837623f,
        type: 3}
      propertyPath: m_Layer
      value: 9
      objectReference: {fileID: 0}
    - target: {fileID: 8613986112135563126, guid: a9b2034f90cb56b4686fe230b837623f,
        type: 3}
      propertyPath: m_LocalPosition.x
      value: 2.57
      objectReference: {fileID: 0}
    - target: {fileID: 8613986112135563126, guid: a9b2034f90cb56b4686fe230b837623f,
        type: 3}
      propertyPath: m_LocalPosition.y
      value: -3.39
      objectReference: {fileID: 0}
    - target: {fileID: 8613986112135563126, guid: a9b2034f90cb56b4686fe230b837623f,
        type: 3}
      propertyPath: m_LocalPosition.z
      value: 0.55
      objectReference: {fileID: 0}
    - target: {fileID: 8613986112135563126, guid: a9b2034f90cb56b4686fe230b837623f,
        type: 3}
      propertyPath: m_LocalRotation.x
      value: -0.000000014929244
      objectReference: {fileID: 0}
    - target: {fileID: 8613986112135563126, guid: a9b2034f90cb56b4686fe230b837623f,
        type: 3}
      propertyPath: m_LocalRotation.y
      value: -0.73034126
      objectReference: {fileID: 0}
    - target: {fileID: 8613986112135563126, guid: a9b2034f90cb56b4686fe230b837623f,
        type: 3}
      propertyPath: m_LocalRotation.z
      value: -0.000000015962115
      objectReference: {fileID: 0}
    - target: {fileID: 8613986112135563126, guid: a9b2034f90cb56b4686fe230b837623f,
        type: 3}
      propertyPath: m_LocalRotation.w
      value: -0.6830826
      objectReference: {fileID: 0}
    - target: {fileID: 8613986112135563126, guid: a9b2034f90cb56b4686fe230b837623f,
        type: 3}
      propertyPath: m_RootOrder
      value: 1
      objectReference: {fileID: 0}
    - target: {fileID: 8613986112135563126, guid: a9b2034f90cb56b4686fe230b837623f,
        type: 3}
      propertyPath: m_LocalEulerAnglesHint.x
      value: 0
      objectReference: {fileID: 0}
    - target: {fileID: 8613986112135563126, guid: a9b2034f90cb56b4686fe230b837623f,
        type: 3}
      propertyPath: m_LocalEulerAnglesHint.y
      value: -266.17
      objectReference: {fileID: 0}
    - target: {fileID: 8613986112135563126, guid: a9b2034f90cb56b4686fe230b837623f,
        type: 3}
      propertyPath: m_LocalEulerAnglesHint.z
      value: 0
      objectReference: {fileID: 0}
    - target: {fileID: 8613986112135563126, guid: a9b2034f90cb56b4686fe230b837623f,
        type: 3}
      propertyPath: m_LocalScale.x
      value: 0.97999996
      objectReference: {fileID: 0}
    - target: {fileID: 8613986112135563126, guid: a9b2034f90cb56b4686fe230b837623f,
        type: 3}
      propertyPath: m_LocalScale.y
      value: 0.98
      objectReference: {fileID: 0}
    - target: {fileID: 8613986112135563126, guid: a9b2034f90cb56b4686fe230b837623f,
        type: 3}
      propertyPath: m_LocalScale.z
      value: 0.97999996
      objectReference: {fileID: 0}
    m_RemovedComponents: []
  m_SourcePrefab: {fileID: 100100000, guid: a9b2034f90cb56b4686fe230b837623f, type: 3}
--- !u!4 &8773206788288739599 stripped
Transform:
  m_CorrespondingSourceObject: {fileID: 8613986112135563126, guid: a9b2034f90cb56b4686fe230b837623f,
    type: 3}
  m_PrefabInstance: {fileID: 1030118895673147001}
  m_PrefabAsset: {fileID: 0}
--- !u!198 &3086085305012137799 stripped
ParticleSystem:
  m_CorrespondingSourceObject: {fileID: 2636942890257797438, guid: a9b2034f90cb56b4686fe230b837623f,
    type: 3}
  m_PrefabInstance: {fileID: 1030118895673147001}
  m_PrefabAsset: {fileID: 0}
--- !u!1001 &2258043818412898176
PrefabInstance:
  m_ObjectHideFlags: 0
  serializedVersion: 2
  m_Modification:
    m_TransformParent: {fileID: 807064327423403225}
    m_Modifications:
    - target: {fileID: 2575799586470967481, guid: 19b1fc7e006e04738a2ac8bc49857803,
        type: 3}
      propertyPath: m_Mesh
      value: 
      objectReference: {fileID: 3300204089638787554, guid: 01a65be50d04049f2b9120b72b8cfdc4,
        type: 3}
    - target: {fileID: 3775199370510750708, guid: 19b1fc7e006e04738a2ac8bc49857803,
        type: 3}
      propertyPath: m_LocalPosition.x
      value: -0.9641113
      objectReference: {fileID: 0}
    - target: {fileID: 3775199370510750708, guid: 19b1fc7e006e04738a2ac8bc49857803,
        type: 3}
      propertyPath: m_LocalPosition.y
      value: 0.42
      objectReference: {fileID: 0}
    - target: {fileID: 3775199370510750708, guid: 19b1fc7e006e04738a2ac8bc49857803,
        type: 3}
      propertyPath: m_LocalPosition.z
      value: -1.743
      objectReference: {fileID: 0}
    - target: {fileID: 3775199370510750708, guid: 19b1fc7e006e04738a2ac8bc49857803,
        type: 3}
      propertyPath: m_LocalRotation.x
      value: 0
      objectReference: {fileID: 0}
    - target: {fileID: 3775199370510750708, guid: 19b1fc7e006e04738a2ac8bc49857803,
        type: 3}
      propertyPath: m_LocalRotation.y
      value: -0
      objectReference: {fileID: 0}
    - target: {fileID: 3775199370510750708, guid: 19b1fc7e006e04738a2ac8bc49857803,
        type: 3}
      propertyPath: m_LocalRotation.z
      value: -0
      objectReference: {fileID: 0}
    - target: {fileID: 3775199370510750708, guid: 19b1fc7e006e04738a2ac8bc49857803,
        type: 3}
      propertyPath: m_LocalRotation.w
      value: 1
      objectReference: {fileID: 0}
    - target: {fileID: 3775199370510750708, guid: 19b1fc7e006e04738a2ac8bc49857803,
        type: 3}
      propertyPath: m_RootOrder
      value: 2
      objectReference: {fileID: 0}
    - target: {fileID: 3775199370510750708, guid: 19b1fc7e006e04738a2ac8bc49857803,
        type: 3}
      propertyPath: m_LocalEulerAnglesHint.x
      value: 0
      objectReference: {fileID: 0}
    - target: {fileID: 3775199370510750708, guid: 19b1fc7e006e04738a2ac8bc49857803,
        type: 3}
      propertyPath: m_LocalEulerAnglesHint.y
      value: 0
      objectReference: {fileID: 0}
    - target: {fileID: 3775199370510750708, guid: 19b1fc7e006e04738a2ac8bc49857803,
        type: 3}
      propertyPath: m_LocalEulerAnglesHint.z
      value: 0
      objectReference: {fileID: 0}
    - target: {fileID: 6614315402482051505, guid: 19b1fc7e006e04738a2ac8bc49857803,
        type: 3}
      propertyPath: m_Materials.Array.data[0]
      value: 
      objectReference: {fileID: 2100000, guid: 352b487105d5f42c1994d0c2122955d9, type: 2}
    - target: {fileID: 7446537833229736216, guid: 19b1fc7e006e04738a2ac8bc49857803,
        type: 3}
      propertyPath: m_Name
      value: RL
      objectReference: {fileID: 0}
    m_RemovedComponents:
    - {fileID: 2622414183653921618, guid: 19b1fc7e006e04738a2ac8bc49857803, type: 3}
  m_SourcePrefab: {fileID: 100100000, guid: 19b1fc7e006e04738a2ac8bc49857803, type: 3}
--- !u!4 &3112582388628464756 stripped
Transform:
  m_CorrespondingSourceObject: {fileID: 3775199370510750708, guid: 19b1fc7e006e04738a2ac8bc49857803,
    type: 3}
  m_PrefabInstance: {fileID: 2258043818412898176}
  m_PrefabAsset: {fileID: 0}
--- !u!146 &3119730156087121697 stripped
WheelCollider:
  m_CorrespondingSourceObject: {fileID: 3755347810675974305, guid: 19b1fc7e006e04738a2ac8bc49857803,
    type: 3}
  m_PrefabInstance: {fileID: 2258043818412898176}
  m_PrefabAsset: {fileID: 0}
--- !u!1001 &2827700459100938999
PrefabInstance:
  m_ObjectHideFlags: 0
  serializedVersion: 2
  m_Modification:
    m_TransformParent: {fileID: 4492659233853580919}
    m_Modifications:
    - target: {fileID: 2636942890257797438, guid: a9b2034f90cb56b4686fe230b837623f,
        type: 3}
      propertyPath: prewarm
      value: 1
      objectReference: {fileID: 0}
    - target: {fileID: 2636942890257797438, guid: a9b2034f90cb56b4686fe230b837623f,
        type: 3}
      propertyPath: startDelay.maxCurve.m_Curve.Array.data[0].value
      value: 0
      objectReference: {fileID: 0}
    - target: {fileID: 2636942890257797438, guid: a9b2034f90cb56b4686fe230b837623f,
        type: 3}
      propertyPath: startDelay.maxCurve.m_Curve.Array.data[1].value
      value: 0
      objectReference: {fileID: 0}
    - target: {fileID: 4998912071893044577, guid: a9b2034f90cb56b4686fe230b837623f,
        type: 3}
      propertyPath: m_Materials.Array.size
      value: 1
      objectReference: {fileID: 0}
    - target: {fileID: 7409969087160862763, guid: a9b2034f90cb56b4686fe230b837623f,
        type: 3}
      propertyPath: m_Name
      value: L.R
      objectReference: {fileID: 0}
    - target: {fileID: 7409969087160862763, guid: a9b2034f90cb56b4686fe230b837623f,
        type: 3}
      propertyPath: m_Layer
      value: 9
      objectReference: {fileID: 0}
    - target: {fileID: 8613986112135563126, guid: a9b2034f90cb56b4686fe230b837623f,
        type: 3}
      propertyPath: m_LocalPosition.x
      value: -0.1
      objectReference: {fileID: 0}
    - target: {fileID: 8613986112135563126, guid: a9b2034f90cb56b4686fe230b837623f,
        type: 3}
      propertyPath: m_LocalPosition.y
      value: -3.39
      objectReference: {fileID: 0}
    - target: {fileID: 8613986112135563126, guid: a9b2034f90cb56b4686fe230b837623f,
        type: 3}
      propertyPath: m_LocalPosition.z
      value: 0.8
      objectReference: {fileID: 0}
    - target: {fileID: 8613986112135563126, guid: a9b2034f90cb56b4686fe230b837623f,
        type: 3}
      propertyPath: m_LocalRotation.x
      value: 0.000000021855694
      objectReference: {fileID: 0}
    - target: {fileID: 8613986112135563126, guid: a9b2034f90cb56b4686fe230b837623f,
        type: 3}
      propertyPath: m_LocalRotation.y
      value: -0
      objectReference: {fileID: 0}
    - target: {fileID: 8613986112135563126, guid: a9b2034f90cb56b4686fe230b837623f,
        type: 3}
      propertyPath: m_LocalRotation.z
      value: -0
      objectReference: {fileID: 0}
    - target: {fileID: 8613986112135563126, guid: a9b2034f90cb56b4686fe230b837623f,
        type: 3}
      propertyPath: m_LocalRotation.w
      value: 1
      objectReference: {fileID: 0}
    - target: {fileID: 8613986112135563126, guid: a9b2034f90cb56b4686fe230b837623f,
        type: 3}
      propertyPath: m_RootOrder
      value: 0
      objectReference: {fileID: 0}
    - target: {fileID: 8613986112135563126, guid: a9b2034f90cb56b4686fe230b837623f,
        type: 3}
      propertyPath: m_LocalEulerAnglesHint.x
      value: 0
      objectReference: {fileID: 0}
    - target: {fileID: 8613986112135563126, guid: a9b2034f90cb56b4686fe230b837623f,
        type: 3}
      propertyPath: m_LocalEulerAnglesHint.y
      value: 0
      objectReference: {fileID: 0}
    - target: {fileID: 8613986112135563126, guid: a9b2034f90cb56b4686fe230b837623f,
        type: 3}
      propertyPath: m_LocalEulerAnglesHint.z
      value: 0
      objectReference: {fileID: 0}
    - target: {fileID: 8613986112135563126, guid: a9b2034f90cb56b4686fe230b837623f,
        type: 3}
      propertyPath: m_LocalScale.x
      value: 0.98
      objectReference: {fileID: 0}
    - target: {fileID: 8613986112135563126, guid: a9b2034f90cb56b4686fe230b837623f,
        type: 3}
      propertyPath: m_LocalScale.y
      value: 0.98
      objectReference: {fileID: 0}
    - target: {fileID: 8613986112135563126, guid: a9b2034f90cb56b4686fe230b837623f,
        type: 3}
      propertyPath: m_LocalScale.z
      value: 0.98
      objectReference: {fileID: 0}
    m_RemovedComponents: []
  m_SourcePrefab: {fileID: 100100000, guid: a9b2034f90cb56b4686fe230b837623f, type: 3}
--- !u!4 &5815559094166529409 stripped
Transform:
  m_CorrespondingSourceObject: {fileID: 8613986112135563126, guid: a9b2034f90cb56b4686fe230b837623f,
    type: 3}
  m_PrefabInstance: {fileID: 2827700459100938999}
  m_PrefabAsset: {fileID: 0}
--- !u!198 &262984505120617417 stripped
ParticleSystem:
  m_CorrespondingSourceObject: {fileID: 2636942890257797438, guid: a9b2034f90cb56b4686fe230b837623f,
    type: 3}
  m_PrefabInstance: {fileID: 2827700459100938999}
  m_PrefabAsset: {fileID: 0}
--- !u!1001 &2833450312210184017
PrefabInstance:
  m_ObjectHideFlags: 0
  serializedVersion: 2
  m_Modification:
    m_TransformParent: {fileID: 807064327423403225}
    m_Modifications:
    - target: {fileID: 2575799586470967481, guid: 19b1fc7e006e04738a2ac8bc49857803,
        type: 3}
      propertyPath: m_Mesh
      value: 
      objectReference: {fileID: 3300204089638787554, guid: 01a65be50d04049f2b9120b72b8cfdc4,
        type: 3}
    - target: {fileID: 3775199370510750708, guid: 19b1fc7e006e04738a2ac8bc49857803,
        type: 3}
      propertyPath: m_LocalPosition.x
      value: -0.9641113
      objectReference: {fileID: 0}
    - target: {fileID: 3775199370510750708, guid: 19b1fc7e006e04738a2ac8bc49857803,
        type: 3}
      propertyPath: m_LocalPosition.y
      value: 0.42
      objectReference: {fileID: 0}
    - target: {fileID: 3775199370510750708, guid: 19b1fc7e006e04738a2ac8bc49857803,
        type: 3}
      propertyPath: m_LocalPosition.z
      value: 1.85
      objectReference: {fileID: 0}
    - target: {fileID: 3775199370510750708, guid: 19b1fc7e006e04738a2ac8bc49857803,
        type: 3}
      propertyPath: m_LocalRotation.x
      value: 0
      objectReference: {fileID: 0}
    - target: {fileID: 3775199370510750708, guid: 19b1fc7e006e04738a2ac8bc49857803,
        type: 3}
      propertyPath: m_LocalRotation.y
      value: -0
      objectReference: {fileID: 0}
    - target: {fileID: 3775199370510750708, guid: 19b1fc7e006e04738a2ac8bc49857803,
        type: 3}
      propertyPath: m_LocalRotation.z
      value: -0
      objectReference: {fileID: 0}
    - target: {fileID: 3775199370510750708, guid: 19b1fc7e006e04738a2ac8bc49857803,
        type: 3}
      propertyPath: m_LocalRotation.w
      value: 1
      objectReference: {fileID: 0}
    - target: {fileID: 3775199370510750708, guid: 19b1fc7e006e04738a2ac8bc49857803,
        type: 3}
      propertyPath: m_RootOrder
      value: 0
      objectReference: {fileID: 0}
    - target: {fileID: 3775199370510750708, guid: 19b1fc7e006e04738a2ac8bc49857803,
        type: 3}
      propertyPath: m_LocalEulerAnglesHint.x
      value: 0
      objectReference: {fileID: 0}
    - target: {fileID: 3775199370510750708, guid: 19b1fc7e006e04738a2ac8bc49857803,
        type: 3}
      propertyPath: m_LocalEulerAnglesHint.y
      value: 0
      objectReference: {fileID: 0}
    - target: {fileID: 3775199370510750708, guid: 19b1fc7e006e04738a2ac8bc49857803,
        type: 3}
      propertyPath: m_LocalEulerAnglesHint.z
      value: 0
      objectReference: {fileID: 0}
    - target: {fileID: 6614315402482051505, guid: 19b1fc7e006e04738a2ac8bc49857803,
        type: 3}
      propertyPath: m_Materials.Array.data[0]
      value: 
      objectReference: {fileID: 2100000, guid: 352b487105d5f42c1994d0c2122955d9, type: 2}
    - target: {fileID: 7446537833229736216, guid: 19b1fc7e006e04738a2ac8bc49857803,
        type: 3}
      propertyPath: m_Name
      value: FL
      objectReference: {fileID: 0}
    m_RemovedComponents:
    - {fileID: 2622414183653921618, guid: 19b1fc7e006e04738a2ac8bc49857803, type: 3}
  m_SourcePrefab: {fileID: 100100000, guid: 19b1fc7e006e04738a2ac8bc49857803, type: 3}
--- !u!146 &1391573682016491504 stripped
WheelCollider:
  m_CorrespondingSourceObject: {fileID: 3755347810675974305, guid: 19b1fc7e006e04738a2ac8bc49857803,
    type: 3}
  m_PrefabInstance: {fileID: 2833450312210184017}
  m_PrefabAsset: {fileID: 0}
--- !u!4 &1384368533400691877 stripped
Transform:
  m_CorrespondingSourceObject: {fileID: 3775199370510750708, guid: 19b1fc7e006e04738a2ac8bc49857803,
    type: 3}
  m_PrefabInstance: {fileID: 2833450312210184017}
  m_PrefabAsset: {fileID: 0}
--- !u!1001 &3032372245682565992
PrefabInstance:
  m_ObjectHideFlags: 0
  serializedVersion: 2
  m_Modification:
    m_TransformParent: {fileID: 6916826619889004645}
    m_Modifications:
    - target: {fileID: 1019326057566698, guid: f683447c6570076418716c53d120168a, type: 3}
      propertyPath: m_Name
      value: wind_lines_on_car
      objectReference: {fileID: 0}
    - target: {fileID: 1019326057566698, guid: f683447c6570076418716c53d120168a, type: 3}
      propertyPath: m_Layer
      value: 9
      objectReference: {fileID: 0}
    - target: {fileID: 4681753433549648, guid: f683447c6570076418716c53d120168a, type: 3}
      propertyPath: m_LocalPosition.x
      value: 0.14235277
      objectReference: {fileID: 0}
    - target: {fileID: 4681753433549648, guid: f683447c6570076418716c53d120168a, type: 3}
      propertyPath: m_LocalPosition.y
      value: 0.77714175
      objectReference: {fileID: 0}
    - target: {fileID: 4681753433549648, guid: f683447c6570076418716c53d120168a, type: 3}
      propertyPath: m_LocalPosition.z
      value: 14.960902
      objectReference: {fileID: 0}
    - target: {fileID: 4681753433549648, guid: f683447c6570076418716c53d120168a, type: 3}
      propertyPath: m_LocalRotation.x
      value: -0
      objectReference: {fileID: 0}
    - target: {fileID: 4681753433549648, guid: f683447c6570076418716c53d120168a, type: 3}
      propertyPath: m_LocalRotation.y
      value: 0.7071068
      objectReference: {fileID: 0}
    - target: {fileID: 4681753433549648, guid: f683447c6570076418716c53d120168a, type: 3}
      propertyPath: m_LocalRotation.z
      value: -0
      objectReference: {fileID: 0}
    - target: {fileID: 4681753433549648, guid: f683447c6570076418716c53d120168a, type: 3}
      propertyPath: m_LocalRotation.w
      value: 0.7071068
      objectReference: {fileID: 0}
    - target: {fileID: 4681753433549648, guid: f683447c6570076418716c53d120168a, type: 3}
      propertyPath: m_RootOrder
      value: 2
      objectReference: {fileID: 0}
    - target: {fileID: 4681753433549648, guid: f683447c6570076418716c53d120168a, type: 3}
      propertyPath: m_LocalEulerAnglesHint.x
      value: 0
      objectReference: {fileID: 0}
    - target: {fileID: 4681753433549648, guid: f683447c6570076418716c53d120168a, type: 3}
      propertyPath: m_LocalEulerAnglesHint.y
      value: 90
      objectReference: {fileID: 0}
    - target: {fileID: 4681753433549648, guid: f683447c6570076418716c53d120168a, type: 3}
      propertyPath: m_LocalEulerAnglesHint.z
      value: 0
      objectReference: {fileID: 0}
    - target: {fileID: 4681753433549648, guid: f683447c6570076418716c53d120168a, type: 3}
      propertyPath: m_LocalScale.x
      value: 0.82352847
      objectReference: {fileID: 0}
    - target: {fileID: 4681753433549648, guid: f683447c6570076418716c53d120168a, type: 3}
      propertyPath: m_LocalScale.y
      value: 0.82352835
      objectReference: {fileID: 0}
    - target: {fileID: 4681753433549648, guid: f683447c6570076418716c53d120168a, type: 3}
      propertyPath: m_LocalScale.z
      value: 0.82352847
      objectReference: {fileID: 0}
    - target: {fileID: 198893393215934218, guid: f683447c6570076418716c53d120168a,
        type: 3}
      propertyPath: playOnAwake
      value: 0
      objectReference: {fileID: 0}
    - target: {fileID: 198893393215934218, guid: f683447c6570076418716c53d120168a,
        type: 3}
      propertyPath: prewarm
      value: 1
      objectReference: {fileID: 0}
    - target: {fileID: 198893393215934218, guid: f683447c6570076418716c53d120168a,
        type: 3}
      propertyPath: EmissionModule.rateOverTime.scalar
      value: 10
      objectReference: {fileID: 0}
    - target: {fileID: 198893393215934218, guid: f683447c6570076418716c53d120168a,
        type: 3}
      propertyPath: InitialModule.startColor.maxColor.r
      value: 0.7416163
      objectReference: {fileID: 0}
    - target: {fileID: 198893393215934218, guid: f683447c6570076418716c53d120168a,
        type: 3}
      propertyPath: InitialModule.startColor.maxColor.g
      value: 0.740566
      objectReference: {fileID: 0}
    - target: {fileID: 198893393215934218, guid: f683447c6570076418716c53d120168a,
        type: 3}
      propertyPath: InitialModule.startColor.maxColor.b
      value: 1
      objectReference: {fileID: 0}
    m_RemovedComponents: []
  m_SourcePrefab: {fileID: 100100000, guid: f683447c6570076418716c53d120168a, type: 3}
--- !u!4 &3027971985758787640 stripped
Transform:
  m_CorrespondingSourceObject: {fileID: 4681753433549648, guid: f683447c6570076418716c53d120168a,
    type: 3}
  m_PrefabInstance: {fileID: 3032372245682565992}
  m_PrefabAsset: {fileID: 0}
--- !u!1001 &4421489428693333009
PrefabInstance:
  m_ObjectHideFlags: 0
  serializedVersion: 2
  m_Modification:
    m_TransformParent: {fileID: 6916826619889004645}
    m_Modifications:
    - target: {fileID: 129050, guid: da5eabb1aa85f48dc8b887f245897e70, type: 3}
      propertyPath: m_Layer
      value: 9
      objectReference: {fileID: 0}
    - target: {fileID: 159618, guid: da5eabb1aa85f48dc8b887f245897e70, type: 3}
      propertyPath: m_Name
      value: boostEffect_R
      objectReference: {fileID: 0}
    - target: {fileID: 159618, guid: da5eabb1aa85f48dc8b887f245897e70, type: 3}
      propertyPath: m_Layer
      value: 9
      objectReference: {fileID: 0}
    - target: {fileID: 196304, guid: da5eabb1aa85f48dc8b887f245897e70, type: 3}
      propertyPath: m_Layer
      value: 9
      objectReference: {fileID: 0}
    - target: {fileID: 465584, guid: da5eabb1aa85f48dc8b887f245897e70, type: 3}
      propertyPath: m_LocalPosition.x
      value: 0.6
      objectReference: {fileID: 0}
    - target: {fileID: 465584, guid: da5eabb1aa85f48dc8b887f245897e70, type: 3}
      propertyPath: m_LocalPosition.y
      value: -0.5
      objectReference: {fileID: 0}
    - target: {fileID: 465584, guid: da5eabb1aa85f48dc8b887f245897e70, type: 3}
      propertyPath: m_LocalPosition.z
      value: -0.64
      objectReference: {fileID: 0}
    - target: {fileID: 465584, guid: da5eabb1aa85f48dc8b887f245897e70, type: 3}
      propertyPath: m_LocalRotation.x
      value: 1
      objectReference: {fileID: 0}
    - target: {fileID: 465584, guid: da5eabb1aa85f48dc8b887f245897e70, type: 3}
      propertyPath: m_LocalRotation.y
      value: 0
      objectReference: {fileID: 0}
    - target: {fileID: 465584, guid: da5eabb1aa85f48dc8b887f245897e70, type: 3}
      propertyPath: m_LocalRotation.z
      value: 0
      objectReference: {fileID: 0}
    - target: {fileID: 465584, guid: da5eabb1aa85f48dc8b887f245897e70, type: 3}
      propertyPath: m_LocalRotation.w
      value: 0
      objectReference: {fileID: 0}
    - target: {fileID: 465584, guid: da5eabb1aa85f48dc8b887f245897e70, type: 3}
      propertyPath: m_RootOrder
      value: 1
      objectReference: {fileID: 0}
    - target: {fileID: 465584, guid: da5eabb1aa85f48dc8b887f245897e70, type: 3}
      propertyPath: m_LocalEulerAnglesHint.x
      value: 180
      objectReference: {fileID: 0}
    - target: {fileID: 465584, guid: da5eabb1aa85f48dc8b887f245897e70, type: 3}
      propertyPath: m_LocalEulerAnglesHint.y
      value: 0
      objectReference: {fileID: 0}
    - target: {fileID: 465584, guid: da5eabb1aa85f48dc8b887f245897e70, type: 3}
      propertyPath: m_LocalEulerAnglesHint.z
      value: 0
      objectReference: {fileID: 0}
    - target: {fileID: 465584, guid: da5eabb1aa85f48dc8b887f245897e70, type: 3}
      propertyPath: m_LocalScale.z
      value: 1
      objectReference: {fileID: 0}
    - target: {fileID: 465584, guid: da5eabb1aa85f48dc8b887f245897e70, type: 3}
      propertyPath: m_LocalScale.x
      value: 1
      objectReference: {fileID: 0}
    - target: {fileID: 19953396, guid: da5eabb1aa85f48dc8b887f245897e70, type: 3}
      propertyPath: m_Materials.Array.size
      value: 1
      objectReference: {fileID: 0}
    - target: {fileID: 19953916, guid: da5eabb1aa85f48dc8b887f245897e70, type: 3}
      propertyPath: m_Materials.Array.size
      value: 1
      objectReference: {fileID: 0}
    - target: {fileID: 1921938494669318, guid: da5eabb1aa85f48dc8b887f245897e70, type: 3}
      propertyPath: m_Layer
      value: 9
      objectReference: {fileID: 0}
    - target: {fileID: 199266968099598220, guid: da5eabb1aa85f48dc8b887f245897e70,
        type: 3}
      propertyPath: m_Materials.Array.size
      value: 1
      objectReference: {fileID: 0}
    m_RemovedComponents: []
  m_SourcePrefab: {fileID: 100100000, guid: da5eabb1aa85f48dc8b887f245897e70, type: 3}
--- !u!4 &4421489428693659297 stripped
Transform:
  m_CorrespondingSourceObject: {fileID: 465584, guid: da5eabb1aa85f48dc8b887f245897e70,
    type: 3}
  m_PrefabInstance: {fileID: 4421489428693333009}
  m_PrefabAsset: {fileID: 0}
--- !u!198 &4421489428674317279 stripped
ParticleSystem:
  m_CorrespondingSourceObject: {fileID: 19808206, guid: da5eabb1aa85f48dc8b887f245897e70,
    type: 3}
  m_PrefabInstance: {fileID: 4421489428693333009}
  m_PrefabAsset: {fileID: 0}
--- !u!1001 &4464457795949373075
PrefabInstance:
  m_ObjectHideFlags: 0
  serializedVersion: 2
  m_Modification:
    m_TransformParent: {fileID: 6916826619889004645}
    m_Modifications:
    - target: {fileID: 1019326057566698, guid: f683447c6570076418716c53d120168a, type: 3}
      propertyPath: m_Name
      value: wind_lines_on_right
      objectReference: {fileID: 0}
    - target: {fileID: 1019326057566698, guid: f683447c6570076418716c53d120168a, type: 3}
      propertyPath: m_Layer
      value: 9
      objectReference: {fileID: 0}
    - target: {fileID: 4681753433549648, guid: f683447c6570076418716c53d120168a, type: 3}
      propertyPath: m_LocalPosition.x
      value: 2.0199974
      objectReference: {fileID: 0}
    - target: {fileID: 4681753433549648, guid: f683447c6570076418716c53d120168a, type: 3}
      propertyPath: m_LocalPosition.y
      value: 0.7771418
      objectReference: {fileID: 0}
    - target: {fileID: 4681753433549648, guid: f683447c6570076418716c53d120168a, type: 3}
      propertyPath: m_LocalPosition.z
      value: 15.899724
      objectReference: {fileID: 0}
    - target: {fileID: 4681753433549648, guid: f683447c6570076418716c53d120168a, type: 3}
      propertyPath: m_LocalRotation.x
      value: -0
      objectReference: {fileID: 0}
    - target: {fileID: 4681753433549648, guid: f683447c6570076418716c53d120168a, type: 3}
      propertyPath: m_LocalRotation.y
      value: 0.7071068
      objectReference: {fileID: 0}
    - target: {fileID: 4681753433549648, guid: f683447c6570076418716c53d120168a, type: 3}
      propertyPath: m_LocalRotation.z
      value: -0
      objectReference: {fileID: 0}
    - target: {fileID: 4681753433549648, guid: f683447c6570076418716c53d120168a, type: 3}
      propertyPath: m_LocalRotation.w
      value: 0.7071068
      objectReference: {fileID: 0}
    - target: {fileID: 4681753433549648, guid: f683447c6570076418716c53d120168a, type: 3}
      propertyPath: m_RootOrder
      value: 4
      objectReference: {fileID: 0}
    - target: {fileID: 4681753433549648, guid: f683447c6570076418716c53d120168a, type: 3}
      propertyPath: m_LocalEulerAnglesHint.x
      value: 0
      objectReference: {fileID: 0}
    - target: {fileID: 4681753433549648, guid: f683447c6570076418716c53d120168a, type: 3}
      propertyPath: m_LocalEulerAnglesHint.y
      value: 90
      objectReference: {fileID: 0}
    - target: {fileID: 4681753433549648, guid: f683447c6570076418716c53d120168a, type: 3}
      propertyPath: m_LocalEulerAnglesHint.z
      value: 0
      objectReference: {fileID: 0}
    - target: {fileID: 4681753433549648, guid: f683447c6570076418716c53d120168a, type: 3}
      propertyPath: m_LocalScale.x
      value: 0.82352847
      objectReference: {fileID: 0}
    - target: {fileID: 4681753433549648, guid: f683447c6570076418716c53d120168a, type: 3}
      propertyPath: m_LocalScale.y
      value: 0.82352835
      objectReference: {fileID: 0}
    - target: {fileID: 4681753433549648, guid: f683447c6570076418716c53d120168a, type: 3}
      propertyPath: m_LocalScale.z
      value: 0.82352847
      objectReference: {fileID: 0}
    - target: {fileID: 198893393215934218, guid: f683447c6570076418716c53d120168a,
        type: 3}
      propertyPath: playOnAwake
      value: 0
      objectReference: {fileID: 0}
    - target: {fileID: 198893393215934218, guid: f683447c6570076418716c53d120168a,
        type: 3}
      propertyPath: prewarm
      value: 1
      objectReference: {fileID: 0}
    - target: {fileID: 198893393215934218, guid: f683447c6570076418716c53d120168a,
        type: 3}
      propertyPath: EmissionModule.rateOverTime.scalar
      value: 20
      objectReference: {fileID: 0}
    - target: {fileID: 198893393215934218, guid: f683447c6570076418716c53d120168a,
        type: 3}
      propertyPath: InitialModule.startColor.maxColor.r
      value: 0.7416163
      objectReference: {fileID: 0}
    - target: {fileID: 198893393215934218, guid: f683447c6570076418716c53d120168a,
        type: 3}
      propertyPath: InitialModule.startColor.maxColor.g
      value: 0.740566
      objectReference: {fileID: 0}
    - target: {fileID: 198893393215934218, guid: f683447c6570076418716c53d120168a,
        type: 3}
      propertyPath: InitialModule.startColor.maxColor.b
      value: 1
      objectReference: {fileID: 0}
    m_RemovedComponents: []
  m_SourcePrefab: {fileID: 100100000, guid: f683447c6570076418716c53d120168a, type: 3}
--- !u!4 &4459780453718298051 stripped
Transform:
  m_CorrespondingSourceObject: {fileID: 4681753433549648, guid: f683447c6570076418716c53d120168a,
    type: 3}
  m_PrefabInstance: {fileID: 4464457795949373075}
  m_PrefabAsset: {fileID: 0}
--- !u!1001 &5636214644550198983
PrefabInstance:
  m_ObjectHideFlags: 0
  serializedVersion: 2
  m_Modification:
    m_TransformParent: {fileID: 807064327423403225}
    m_Modifications:
    - target: {fileID: 38076928156187043, guid: b1c344357d9264ba4b8791bc395fb5ee,
        type: 3}
      propertyPath: attackFrequency
      value: 3
      objectReference: {fileID: 0}
    - target: {fileID: 298537387008196320, guid: b1c344357d9264ba4b8791bc395fb5ee,
        type: 3}
      propertyPath: m_LocalPosition.x
      value: -0.99
      objectReference: {fileID: 0}
    - target: {fileID: 427777942545596175, guid: b1c344357d9264ba4b8791bc395fb5ee,
        type: 3}
      propertyPath: m_LocalPosition.x
      value: 0.74
      objectReference: {fileID: 0}
    - target: {fileID: 1383482997483116005, guid: b1c344357d9264ba4b8791bc395fb5ee,
        type: 3}
      propertyPath: m_LocalPosition.x
      value: 2.16
      objectReference: {fileID: 0}
    - target: {fileID: 2244327880168540267, guid: b1c344357d9264ba4b8791bc395fb5ee,
        type: 3}
      propertyPath: m_LocalPosition.x
      value: 0.07
      objectReference: {fileID: 0}
    - target: {fileID: 2244327880168540267, guid: b1c344357d9264ba4b8791bc395fb5ee,
        type: 3}
      propertyPath: m_LocalPosition.y
      value: 2.282
      objectReference: {fileID: 0}
    - target: {fileID: 2244327880168540267, guid: b1c344357d9264ba4b8791bc395fb5ee,
        type: 3}
      propertyPath: m_LocalPosition.z
      value: -0.11
      objectReference: {fileID: 0}
    - target: {fileID: 2244327880168540267, guid: b1c344357d9264ba4b8791bc395fb5ee,
        type: 3}
      propertyPath: m_LocalRotation.x
      value: -0.000000021855694
      objectReference: {fileID: 0}
    - target: {fileID: 2244327880168540267, guid: b1c344357d9264ba4b8791bc395fb5ee,
        type: 3}
      propertyPath: m_LocalRotation.y
      value: -0
      objectReference: {fileID: 0}
    - target: {fileID: 2244327880168540267, guid: b1c344357d9264ba4b8791bc395fb5ee,
        type: 3}
      propertyPath: m_LocalRotation.z
      value: -0
      objectReference: {fileID: 0}
    - target: {fileID: 2244327880168540267, guid: b1c344357d9264ba4b8791bc395fb5ee,
        type: 3}
      propertyPath: m_LocalRotation.w
      value: 1
      objectReference: {fileID: 0}
    - target: {fileID: 2244327880168540267, guid: b1c344357d9264ba4b8791bc395fb5ee,
        type: 3}
      propertyPath: m_RootOrder
      value: 10
      objectReference: {fileID: 0}
    - target: {fileID: 2244327880168540267, guid: b1c344357d9264ba4b8791bc395fb5ee,
        type: 3}
      propertyPath: m_LocalEulerAnglesHint.x
      value: 0
      objectReference: {fileID: 0}
    - target: {fileID: 2244327880168540267, guid: b1c344357d9264ba4b8791bc395fb5ee,
        type: 3}
      propertyPath: m_LocalEulerAnglesHint.y
      value: 0
      objectReference: {fileID: 0}
    - target: {fileID: 2244327880168540267, guid: b1c344357d9264ba4b8791bc395fb5ee,
        type: 3}
      propertyPath: m_LocalEulerAnglesHint.z
      value: 0
      objectReference: {fileID: 0}
    - target: {fileID: 2244327880168540267, guid: b1c344357d9264ba4b8791bc395fb5ee,
        type: 3}
      propertyPath: m_LocalScale.x
      value: 0.22300999
      objectReference: {fileID: 0}
    - target: {fileID: 2244327880168540267, guid: b1c344357d9264ba4b8791bc395fb5ee,
        type: 3}
      propertyPath: m_LocalScale.y
      value: 0.32351
      objectReference: {fileID: 0}
    - target: {fileID: 2244327880168540267, guid: b1c344357d9264ba4b8791bc395fb5ee,
        type: 3}
      propertyPath: m_LocalScale.z
      value: 0.39665
      objectReference: {fileID: 0}
    - target: {fileID: 2244327880168540268, guid: b1c344357d9264ba4b8791bc395fb5ee,
        type: 3}
      propertyPath: m_Name
      value: PoliceLight
      objectReference: {fileID: 0}
    - target: {fileID: 3084674037716816709, guid: b1c344357d9264ba4b8791bc395fb5ee,
        type: 3}
      propertyPath: m_Layer
      value: 9
      objectReference: {fileID: 0}
    - target: {fileID: 3435738936025041956, guid: b1c344357d9264ba4b8791bc395fb5ee,
        type: 3}
      propertyPath: m_Layer
      value: 9
      objectReference: {fileID: 0}
    - target: {fileID: 4527777440243881688, guid: b1c344357d9264ba4b8791bc395fb5ee,
        type: 3}
      propertyPath: m_Layer
      value: 9
      objectReference: {fileID: 0}
    - target: {fileID: 4669704952876672348, guid: b1c344357d9264ba4b8791bc395fb5ee,
        type: 3}
      propertyPath: m_LocalPosition.x
      value: 1.9
      objectReference: {fileID: 0}
    - target: {fileID: 4669704952876672348, guid: b1c344357d9264ba4b8791bc395fb5ee,
        type: 3}
      propertyPath: m_LocalPosition.y
      value: 0.57
      objectReference: {fileID: 0}
    - target: {fileID: 5079641576393257226, guid: b1c344357d9264ba4b8791bc395fb5ee,
        type: 3}
      propertyPath: m_Layer
      value: 9
      objectReference: {fileID: 0}
    - target: {fileID: 6761943846623032163, guid: b1c344357d9264ba4b8791bc395fb5ee,
        type: 3}
      propertyPath: m_Intensity
      value: 5
      objectReference: {fileID: 0}
    - target: {fileID: 6991525645288985952, guid: b1c344357d9264ba4b8791bc395fb5ee,
        type: 3}
      propertyPath: m_IsActive
      value: 1
      objectReference: {fileID: 0}
    - target: {fileID: 8199407521206987110, guid: b1c344357d9264ba4b8791bc395fb5ee,
        type: 3}
      propertyPath: m_IsActive
      value: 0
      objectReference: {fileID: 0}
    - target: {fileID: 8715016587489956504, guid: b1c344357d9264ba4b8791bc395fb5ee,
        type: 3}
      propertyPath: m_LocalPosition.x
      value: -2.32
      objectReference: {fileID: 0}
    m_RemovedComponents: []
  m_SourcePrefab: {fileID: 100100000, guid: b1c344357d9264ba4b8791bc395fb5ee, type: 3}
--- !u!4 &5841924131095277228 stripped
Transform:
  m_CorrespondingSourceObject: {fileID: 2244327880168540267, guid: b1c344357d9264ba4b8791bc395fb5ee,
    type: 3}
  m_PrefabInstance: {fileID: 5636214644550198983}
  m_PrefabAsset: {fileID: 0}
--- !u!114 &1865367604826446533 stripped
MonoBehaviour:
  m_CorrespondingSourceObject: {fileID: 6328901832952740866, guid: b1c344357d9264ba4b8791bc395fb5ee,
    type: 3}
  m_PrefabInstance: {fileID: 5636214644550198983}
  m_PrefabAsset: {fileID: 0}
  m_GameObject: {fileID: 0}
  m_Enabled: 1
  m_EditorHideFlags: 0
  m_Script: {fileID: 11500000, guid: fcce4c1be5da341018b5d8db8ef16336, type: 3}
  m_Name: 
  m_EditorClassIdentifier: 
--- !u!1001 &8532621613483471708
PrefabInstance:
  m_ObjectHideFlags: 0
  serializedVersion: 2
  m_Modification:
    m_TransformParent: {fileID: 807064327423403225}
    m_Modifications:
    - target: {fileID: 2575799586470967481, guid: 19b1fc7e006e04738a2ac8bc49857803,
        type: 3}
      propertyPath: m_Mesh
      value: 
      objectReference: {fileID: 3300204089638787554, guid: 01a65be50d04049f2b9120b72b8cfdc4,
        type: 3}
    - target: {fileID: 3775199370510750708, guid: 19b1fc7e006e04738a2ac8bc49857803,
        type: 3}
      propertyPath: m_LocalPosition.x
      value: 0.9641113
      objectReference: {fileID: 0}
    - target: {fileID: 3775199370510750708, guid: 19b1fc7e006e04738a2ac8bc49857803,
        type: 3}
      propertyPath: m_LocalPosition.y
      value: 0.42
      objectReference: {fileID: 0}
    - target: {fileID: 3775199370510750708, guid: 19b1fc7e006e04738a2ac8bc49857803,
        type: 3}
      propertyPath: m_LocalPosition.z
      value: -1.752
      objectReference: {fileID: 0}
    - target: {fileID: 3775199370510750708, guid: 19b1fc7e006e04738a2ac8bc49857803,
        type: 3}
      propertyPath: m_LocalRotation.x
      value: 0
      objectReference: {fileID: 0}
    - target: {fileID: 3775199370510750708, guid: 19b1fc7e006e04738a2ac8bc49857803,
        type: 3}
      propertyPath: m_LocalRotation.y
      value: 1
      objectReference: {fileID: 0}
    - target: {fileID: 3775199370510750708, guid: 19b1fc7e006e04738a2ac8bc49857803,
        type: 3}
      propertyPath: m_LocalRotation.z
      value: 0
      objectReference: {fileID: 0}
    - target: {fileID: 3775199370510750708, guid: 19b1fc7e006e04738a2ac8bc49857803,
        type: 3}
      propertyPath: m_LocalRotation.w
      value: 0
      objectReference: {fileID: 0}
    - target: {fileID: 3775199370510750708, guid: 19b1fc7e006e04738a2ac8bc49857803,
        type: 3}
      propertyPath: m_RootOrder
      value: 3
      objectReference: {fileID: 0}
    - target: {fileID: 3775199370510750708, guid: 19b1fc7e006e04738a2ac8bc49857803,
        type: 3}
      propertyPath: m_LocalEulerAnglesHint.x
      value: 0
      objectReference: {fileID: 0}
    - target: {fileID: 3775199370510750708, guid: 19b1fc7e006e04738a2ac8bc49857803,
        type: 3}
      propertyPath: m_LocalEulerAnglesHint.y
      value: 180
      objectReference: {fileID: 0}
    - target: {fileID: 3775199370510750708, guid: 19b1fc7e006e04738a2ac8bc49857803,
        type: 3}
      propertyPath: m_LocalEulerAnglesHint.z
      value: 0
      objectReference: {fileID: 0}
    - target: {fileID: 6614315402482051505, guid: 19b1fc7e006e04738a2ac8bc49857803,
        type: 3}
      propertyPath: m_Materials.Array.data[0]
      value: 
      objectReference: {fileID: 2100000, guid: 352b487105d5f42c1994d0c2122955d9, type: 2}
    - target: {fileID: 7446537833229736216, guid: 19b1fc7e006e04738a2ac8bc49857803,
        type: 3}
      propertyPath: m_Name
      value: RR
      objectReference: {fileID: 0}
    m_RemovedComponents:
    - {fileID: 2622414183653921618, guid: 19b1fc7e006e04738a2ac8bc49857803, type: 3}
  m_SourcePrefab: {fileID: 100100000, guid: 19b1fc7e006e04738a2ac8bc49857803, type: 3}
--- !u!146 &4788552126188049405 stripped
WheelCollider:
  m_CorrespondingSourceObject: {fileID: 3755347810675974305, guid: 19b1fc7e006e04738a2ac8bc49857803,
    type: 3}
  m_PrefabInstance: {fileID: 8532621613483471708}
  m_PrefabAsset: {fileID: 0}
--- !u!4 &4759678037410373800 stripped
Transform:
  m_CorrespondingSourceObject: {fileID: 3775199370510750708, guid: 19b1fc7e006e04738a2ac8bc49857803,
    type: 3}
  m_PrefabInstance: {fileID: 8532621613483471708}
  m_PrefabAsset: {fileID: 0}
--- !u!1001 &8815221996485353121
PrefabInstance:
  m_ObjectHideFlags: 0
  serializedVersion: 2
  m_Modification:
    m_TransformParent: {fileID: 807064327423403225}
    m_Modifications:
    - target: {fileID: 2575799586470967481, guid: 19b1fc7e006e04738a2ac8bc49857803,
        type: 3}
      propertyPath: m_Mesh
      value: 
      objectReference: {fileID: 3300204089638787554, guid: 01a65be50d04049f2b9120b72b8cfdc4,
        type: 3}
    - target: {fileID: 3775199370510750708, guid: 19b1fc7e006e04738a2ac8bc49857803,
        type: 3}
      propertyPath: m_LocalPosition.x
      value: 0.9641113
      objectReference: {fileID: 0}
    - target: {fileID: 3775199370510750708, guid: 19b1fc7e006e04738a2ac8bc49857803,
        type: 3}
      propertyPath: m_LocalPosition.y
      value: 0.42
      objectReference: {fileID: 0}
    - target: {fileID: 3775199370510750708, guid: 19b1fc7e006e04738a2ac8bc49857803,
        type: 3}
      propertyPath: m_LocalPosition.z
      value: 1.853
      objectReference: {fileID: 0}
    - target: {fileID: 3775199370510750708, guid: 19b1fc7e006e04738a2ac8bc49857803,
        type: 3}
      propertyPath: m_LocalRotation.x
      value: 0
      objectReference: {fileID: 0}
    - target: {fileID: 3775199370510750708, guid: 19b1fc7e006e04738a2ac8bc49857803,
        type: 3}
      propertyPath: m_LocalRotation.y
      value: 1
      objectReference: {fileID: 0}
    - target: {fileID: 3775199370510750708, guid: 19b1fc7e006e04738a2ac8bc49857803,
        type: 3}
      propertyPath: m_LocalRotation.z
      value: 0
      objectReference: {fileID: 0}
    - target: {fileID: 3775199370510750708, guid: 19b1fc7e006e04738a2ac8bc49857803,
        type: 3}
      propertyPath: m_LocalRotation.w
      value: 0
      objectReference: {fileID: 0}
    - target: {fileID: 3775199370510750708, guid: 19b1fc7e006e04738a2ac8bc49857803,
        type: 3}
      propertyPath: m_RootOrder
      value: 1
      objectReference: {fileID: 0}
    - target: {fileID: 3775199370510750708, guid: 19b1fc7e006e04738a2ac8bc49857803,
        type: 3}
      propertyPath: m_LocalEulerAnglesHint.x
      value: 0
      objectReference: {fileID: 0}
    - target: {fileID: 3775199370510750708, guid: 19b1fc7e006e04738a2ac8bc49857803,
        type: 3}
      propertyPath: m_LocalEulerAnglesHint.y
      value: 180
      objectReference: {fileID: 0}
    - target: {fileID: 3775199370510750708, guid: 19b1fc7e006e04738a2ac8bc49857803,
        type: 3}
      propertyPath: m_LocalEulerAnglesHint.z
      value: 0
      objectReference: {fileID: 0}
    - target: {fileID: 6614315402482051505, guid: 19b1fc7e006e04738a2ac8bc49857803,
        type: 3}
      propertyPath: m_Materials.Array.data[0]
      value: 
      objectReference: {fileID: 2100000, guid: 352b487105d5f42c1994d0c2122955d9, type: 2}
    - target: {fileID: 7446537833229736216, guid: 19b1fc7e006e04738a2ac8bc49857803,
        type: 3}
      propertyPath: m_Name
      value: FR
      objectReference: {fileID: 0}
    m_RemovedComponents:
    - {fileID: 2622414183653921618, guid: 19b1fc7e006e04738a2ac8bc49857803, type: 3}
  m_SourcePrefab: {fileID: 100100000, guid: 19b1fc7e006e04738a2ac8bc49857803, type: 3}
--- !u!4 &5634502725496098133 stripped
Transform:
  m_CorrespondingSourceObject: {fileID: 3775199370510750708, guid: 19b1fc7e006e04738a2ac8bc49857803,
    type: 3}
  m_PrefabInstance: {fileID: 8815221996485353121}
  m_PrefabAsset: {fileID: 0}
--- !u!146 &5640856787165511168 stripped
WheelCollider:
  m_CorrespondingSourceObject: {fileID: 3755347810675974305, guid: 19b1fc7e006e04738a2ac8bc49857803,
    type: 3}
  m_PrefabInstance: {fileID: 8815221996485353121}
  m_PrefabAsset: {fileID: 0}
--- !u!1001 &8840178284444067422
PrefabInstance:
  m_ObjectHideFlags: 0
  serializedVersion: 2
  m_Modification:
    m_TransformParent: {fileID: 6916826619889004645}
    m_Modifications:
    - target: {fileID: 129050, guid: da5eabb1aa85f48dc8b887f245897e70, type: 3}
      propertyPath: m_Layer
      value: 9
      objectReference: {fileID: 0}
    - target: {fileID: 159618, guid: da5eabb1aa85f48dc8b887f245897e70, type: 3}
      propertyPath: m_Name
      value: boostEffect_L
      objectReference: {fileID: 0}
    - target: {fileID: 159618, guid: da5eabb1aa85f48dc8b887f245897e70, type: 3}
      propertyPath: m_Layer
      value: 9
      objectReference: {fileID: 0}
    - target: {fileID: 196304, guid: da5eabb1aa85f48dc8b887f245897e70, type: 3}
      propertyPath: m_Layer
      value: 9
      objectReference: {fileID: 0}
    - target: {fileID: 465584, guid: da5eabb1aa85f48dc8b887f245897e70, type: 3}
      propertyPath: m_LocalPosition.x
      value: -0.5
      objectReference: {fileID: 0}
    - target: {fileID: 465584, guid: da5eabb1aa85f48dc8b887f245897e70, type: 3}
      propertyPath: m_LocalPosition.y
      value: -0.5
      objectReference: {fileID: 0}
    - target: {fileID: 465584, guid: da5eabb1aa85f48dc8b887f245897e70, type: 3}
      propertyPath: m_LocalPosition.z
      value: -0.64
      objectReference: {fileID: 0}
    - target: {fileID: 465584, guid: da5eabb1aa85f48dc8b887f245897e70, type: 3}
      propertyPath: m_LocalRotation.x
      value: 1
      objectReference: {fileID: 0}
    - target: {fileID: 465584, guid: da5eabb1aa85f48dc8b887f245897e70, type: 3}
      propertyPath: m_LocalRotation.y
      value: 0
      objectReference: {fileID: 0}
    - target: {fileID: 465584, guid: da5eabb1aa85f48dc8b887f245897e70, type: 3}
      propertyPath: m_LocalRotation.z
      value: 0
      objectReference: {fileID: 0}
    - target: {fileID: 465584, guid: da5eabb1aa85f48dc8b887f245897e70, type: 3}
      propertyPath: m_LocalRotation.w
      value: 0
      objectReference: {fileID: 0}
    - target: {fileID: 465584, guid: da5eabb1aa85f48dc8b887f245897e70, type: 3}
      propertyPath: m_RootOrder
      value: 0
      objectReference: {fileID: 0}
    - target: {fileID: 465584, guid: da5eabb1aa85f48dc8b887f245897e70, type: 3}
      propertyPath: m_LocalEulerAnglesHint.x
      value: 180
      objectReference: {fileID: 0}
    - target: {fileID: 465584, guid: da5eabb1aa85f48dc8b887f245897e70, type: 3}
      propertyPath: m_LocalEulerAnglesHint.y
      value: 0
      objectReference: {fileID: 0}
    - target: {fileID: 465584, guid: da5eabb1aa85f48dc8b887f245897e70, type: 3}
      propertyPath: m_LocalEulerAnglesHint.z
      value: 0
      objectReference: {fileID: 0}
    - target: {fileID: 465584, guid: da5eabb1aa85f48dc8b887f245897e70, type: 3}
      propertyPath: m_LocalScale.z
      value: 1
      objectReference: {fileID: 0}
    - target: {fileID: 465584, guid: da5eabb1aa85f48dc8b887f245897e70, type: 3}
      propertyPath: m_LocalScale.x
      value: 1
      objectReference: {fileID: 0}
    - target: {fileID: 19953396, guid: da5eabb1aa85f48dc8b887f245897e70, type: 3}
      propertyPath: m_Materials.Array.size
      value: 1
      objectReference: {fileID: 0}
    - target: {fileID: 19953916, guid: da5eabb1aa85f48dc8b887f245897e70, type: 3}
      propertyPath: m_Materials.Array.size
      value: 1
      objectReference: {fileID: 0}
    - target: {fileID: 1921938494669318, guid: da5eabb1aa85f48dc8b887f245897e70, type: 3}
      propertyPath: m_Layer
      value: 9
      objectReference: {fileID: 0}
    - target: {fileID: 199266968099598220, guid: da5eabb1aa85f48dc8b887f245897e70,
        type: 3}
      propertyPath: m_Materials.Array.size
      value: 1
      objectReference: {fileID: 0}
    m_RemovedComponents: []
  m_SourcePrefab: {fileID: 100100000, guid: da5eabb1aa85f48dc8b887f245897e70, type: 3}
--- !u!4 &8840178284444400878 stripped
Transform:
  m_CorrespondingSourceObject: {fileID: 465584, guid: da5eabb1aa85f48dc8b887f245897e70,
    type: 3}
  m_PrefabInstance: {fileID: 8840178284444067422}
  m_PrefabAsset: {fileID: 0}
--- !u!198 &8840178284425058704 stripped
ParticleSystem:
  m_CorrespondingSourceObject: {fileID: 19808206, guid: da5eabb1aa85f48dc8b887f245897e70,
    type: 3}
  m_PrefabInstance: {fileID: 8840178284444067422}
  m_PrefabAsset: {fileID: 0}
