%YAML 1.1
%TAG !u! tag:unity3d.com,2011:
--- !u!1 &1570256248324520511
GameObject:
  m_ObjectHideFlags: 0
  m_CorrespondingSourceObject: {fileID: 0}
  m_PrefabInstance: {fileID: 0}
  m_PrefabAsset: {fileID: 0}
  serializedVersion: 6
  m_Component:
  - component: {fileID: 2563096174532659244}
  - component: {fileID: 6830541006411248154}
  - component: {fileID: 1006129762875887331}
  - component: {fileID: 6909605593471112463}
  - component: {fileID: 6747918003190168636}
  m_Layer: 9
  m_Name: city1_suv
  m_TagString: Player
  m_Icon: {fileID: 0}
  m_NavMeshLayer: 0
  m_StaticEditorFlags: 2
  m_IsActive: 1
--- !u!4 &2563096174532659244
Transform:
  m_ObjectHideFlags: 0
  m_CorrespondingSourceObject: {fileID: 0}
  m_PrefabInstance: {fileID: 0}
  m_PrefabAsset: {fileID: 0}
  m_GameObject: {fileID: 1570256248324520511}
  m_LocalRotation: {x: 0.000000021855694, y: 0, z: -0, w: 1}
  m_LocalPosition: {x: 0, y: -0, z: 0}
  m_LocalScale: {x: 1.2, y: 1.2, z: 1.2}
  m_Children:
  - {fileID: 1573979250967369529}
  - {fileID: 280555381825088035}
  - {fileID: 5932430488123404060}
  - {fileID: 2867764170615235861}
  - {fileID: 9186653113289854944}
  - {fileID: 9186653112801455326}
  - {fileID: 9186653113573012814}
  - {fileID: 9186653112442604390}
  - {fileID: 9186653112905078709}
  - {fileID: 6059813905623248929}
  - {fileID: 378875842242299305}
  m_Father: {fileID: 0}
  m_RootOrder: 0
  m_LocalEulerAnglesHint: {x: 0, y: 0, z: 0}
--- !u!33 &6830541006411248154
MeshFilter:
  m_ObjectHideFlags: 0
  m_CorrespondingSourceObject: {fileID: 0}
  m_PrefabInstance: {fileID: 0}
  m_PrefabAsset: {fileID: 0}
  m_GameObject: {fileID: 1570256248324520511}
  m_Mesh: {fileID: 1505800028542441624, guid: f3cae4a4f408c401ba1030de8ea01449, type: 3}
--- !u!23 &1006129762875887331
MeshRenderer:
  m_ObjectHideFlags: 0
  m_CorrespondingSourceObject: {fileID: 0}
  m_PrefabInstance: {fileID: 0}
  m_PrefabAsset: {fileID: 0}
  m_GameObject: {fileID: 1570256248324520511}
  m_Enabled: 1
  m_CastShadows: 0
  m_ReceiveShadows: 0
  m_DynamicOccludee: 1
  m_MotionVectors: 1
  m_LightProbeUsage: 1
  m_ReflectionProbeUsage: 1
  m_RayTracingMode: 2
  m_RayTraceProcedural: 0
  m_RenderingLayerMask: 1
  m_RendererPriority: 0
  m_Materials:
  - {fileID: 2100000, guid: c943596e22a7d3f438fa24e7fa4f0a30, type: 2}
  m_StaticBatchInfo:
    firstSubMesh: 0
    subMeshCount: 0
  m_StaticBatchRoot: {fileID: 0}
  m_ProbeAnchor: {fileID: 0}
  m_LightProbeVolumeOverride: {fileID: 0}
  m_ScaleInLightmap: 1
  m_ReceiveGI: 1
  m_PreserveUVs: 0
  m_IgnoreNormalsForChartDetection: 0
  m_ImportantGI: 0
  m_StitchLightmapSeams: 1
  m_SelectedEditorRenderState: 3
  m_MinimumChartSize: 4
  m_AutoUVMaxDistance: 0.5
  m_AutoUVMaxAngle: 89
  m_LightmapParameters: {fileID: 0}
  m_SortingLayerID: 0
  m_SortingLayer: 0
  m_SortingOrder: 0
  m_AdditionalVertexStreams: {fileID: 0}
--- !u!65 &6909605593471112463
BoxCollider:
  m_ObjectHideFlags: 0
  m_CorrespondingSourceObject: {fileID: 0}
  m_PrefabInstance: {fileID: 0}
  m_PrefabAsset: {fileID: 0}
  m_GameObject: {fileID: 1570256248324520511}
  m_Material: {fileID: 0}
  m_IsTrigger: 0
  m_Enabled: 1
  serializedVersion: 2
  m_Size: {x: 2.707297, y: 1.8837827, z: 6.1084614}
  m_Center: {x: 0, y: 1.4378688, z: 0.0100108385}
--- !u!114 &6747918003190168636
MonoBehaviour:
  m_ObjectHideFlags: 0
  m_CorrespondingSourceObject: {fileID: 0}
  m_PrefabInstance: {fileID: 0}
  m_PrefabAsset: {fileID: 0}
  m_GameObject: {fileID: 1570256248324520511}
  m_Enabled: 1
  m_EditorHideFlags: 0
  m_Script: {fileID: 11500000, guid: 802636f8a0b271a4daa83c2cbc1091f5, type: 3}
  m_Name: 
  m_EditorClassIdentifier: 
  carId: city1_suv
  mass: 200
  centerOfMass: {fileID: 9186653112442604389}
  rearEndPosition: {fileID: 0}
  wheels:
  - {fileID: 1562321320497996908}
  - {fileID: 260404617122257270}
  - {fileID: 5921570660302806089}
  - {fileID: 2861412409462920768}
  policeLight: {fileID: 5599024841753670080}
  speedBoost: {fileID: 9186653113289854945}
  attackLocation: {fileID: 9186653112801455325}
  explosionForceLocations: {fileID: 9186653113573012813}
  nearMissBehaviours:
  - {fileID: 5557549396317269318}
  - {fileID: 2154593361134347054}
  wheelTrails:
  - {fileID: 9186653112344401434}
  - {fileID: 9186653112748318679}
  screenShot: {fileID: 21300000, guid: c7c562fa63af99e4b90fb5da408b7e29, type: 3}
  boostCurve:
    serializedVersion: 2
    m_Curve:
    - serializedVersion: 3
      time: 0
      value: -0.004115226
      inSlope: 0
      outSlope: 0
      tangentMode: 136
      weightedMode: 0
      inWeight: 0.33333334
      outWeight: 0.33333334
    - serializedVersion: 3
      time: 0.24967414
      value: 1
      inSlope: 0.013789343
      outSlope: 0.013789343
      tangentMode: 0
      weightedMode: 2
      inWeight: 0.074979074
      outWeight: 0.27617654
    - serializedVersion: 3
      time: 0.55062294
      value: 1
      inSlope: -0.20896389
      outSlope: -0.20896389
      tangentMode: 0
      weightedMode: 3
      inWeight: 0.34659773
      outWeight: 0.3128159
    - serializedVersion: 3
      time: 0.85
      value: 0
      inSlope: -1.7765763
      outSlope: -1.7765763
      tangentMode: 0
      weightedMode: 1
      inWeight: 0.2788451
      outWeight: 0.33333334
    m_PreInfinity: 2
    m_PostInfinity: 2
    m_RotationOrder: 4
--- !u!1 &2415922279699531010
GameObject:
  m_ObjectHideFlags: 0
  m_CorrespondingSourceObject: {fileID: 0}
  m_PrefabInstance: {fileID: 0}
  m_PrefabAsset: {fileID: 0}
  serializedVersion: 6
  m_Component:
  - component: {fileID: 2887614189376619223}
  - component: {fileID: 5697589667841761832}
  - component: {fileID: 2154593361134347054}
  m_Layer: 9
  m_Name: right
  m_TagString: nearmiss
  m_Icon: {fileID: 0}
  m_NavMeshLayer: 0
  m_StaticEditorFlags: 2
  m_IsActive: 1
--- !u!4 &2887614189376619223
Transform:
  m_ObjectHideFlags: 0
  m_CorrespondingSourceObject: {fileID: 0}
  m_PrefabInstance: {fileID: 0}
  m_PrefabAsset: {fileID: 0}
  m_GameObject: {fileID: 2415922279699531010}
  m_LocalRotation: {x: 0, y: 0, z: 0, w: 1}
  m_LocalPosition: {x: 2.751, y: 0.67, z: -0}
  m_LocalScale: {x: 1, y: 1, z: 1}
  m_Children: []
  m_Father: {fileID: 6059813905623248929}
  m_RootOrder: 1
  m_LocalEulerAnglesHint: {x: 0, y: 0, z: 0}
--- !u!65 &5697589667841761832
BoxCollider:
  m_ObjectHideFlags: 0
  m_CorrespondingSourceObject: {fileID: 0}
  m_PrefabInstance: {fileID: 0}
  m_PrefabAsset: {fileID: 0}
  m_GameObject: {fileID: 2415922279699531010}
  m_Material: {fileID: 0}
  m_IsTrigger: 1
  m_Enabled: 1
  serializedVersion: 2
  m_Size: {x: 0.2, y: 1.32, z: 4.76}
  m_Center: {x: 0, y: 0, z: 0}
--- !u!114 &2154593361134347054
MonoBehaviour:
  m_ObjectHideFlags: 0
  m_CorrespondingSourceObject: {fileID: 0}
  m_PrefabInstance: {fileID: 0}
  m_PrefabAsset: {fileID: 0}
  m_GameObject: {fileID: 2415922279699531010}
  m_Enabled: 1
  m_EditorHideFlags: 0
  m_Script: {fileID: 11500000, guid: d3fe07b38250b421991932c93b29d19d, type: 3}
  m_Name: 
  m_EditorClassIdentifier: 
  side: 1
  particleSystemPrefab: {fileID: 0}
  obstacleNearMissPrefab: {fileID: 0}
--- !u!1 &3695462902968235571
GameObject:
  m_ObjectHideFlags: 0
  m_CorrespondingSourceObject: {fileID: 0}
  m_PrefabInstance: {fileID: 0}
  m_PrefabAsset: {fileID: 0}
  serializedVersion: 6
  m_Component:
  - component: {fileID: 6059813905623248929}
  - component: {fileID: 5993724271463890119}
  m_Layer: 9
  m_Name: nearMiss
  m_TagString: Player
  m_Icon: {fileID: 0}
  m_NavMeshLayer: 0
  m_StaticEditorFlags: 2
  m_IsActive: 1
--- !u!4 &6059813905623248929
Transform:
  m_ObjectHideFlags: 0
  m_CorrespondingSourceObject: {fileID: 0}
  m_PrefabInstance: {fileID: 0}
  m_PrefabAsset: {fileID: 0}
  m_GameObject: {fileID: 3695462902968235571}
  m_LocalRotation: {x: 0.000000021855694, y: -0, z: -0, w: 1}
  m_LocalPosition: {x: -1.824, y: 0.40800002, z: 0}
  m_LocalScale: {x: 1.1999999, y: 1.1999999, z: 1.1999999}
  m_Children:
  - {fileID: 5371489243482101769}
  - {fileID: 2887614189376619223}
  m_Father: {fileID: 2563096174532659244}
  m_RootOrder: 9
  m_LocalEulerAnglesHint: {x: 0, y: 0, z: 0}
--- !u!82 &5993724271463890119
AudioSource:
  m_ObjectHideFlags: 0
  m_CorrespondingSourceObject: {fileID: 0}
  m_PrefabInstance: {fileID: 0}
  m_PrefabAsset: {fileID: 0}
  m_GameObject: {fileID: 3695462902968235571}
  m_Enabled: 1
  serializedVersion: 4
  OutputAudioMixerGroup: {fileID: 0}
  m_audioClip: {fileID: 8300000, guid: a3fe4877af5954daf8421891099b2afe, type: 3}
  m_PlayOnAwake: 0
  m_Volume: 0.5
  m_Pitch: 1
  Loop: 0
  Mute: 0
  Spatialize: 0
  SpatializePostEffects: 0
  Priority: 128
  DopplerLevel: 1
  MinDistance: 1
  MaxDistance: 500
  Pan2D: 0
  rolloffMode: 0
  BypassEffects: 0
  BypassListenerEffects: 0
  BypassReverbZones: 0
  rolloffCustomCurve:
    serializedVersion: 2
    m_Curve:
    - serializedVersion: 3
      time: 0
      value: 1
      inSlope: 0
      outSlope: 0
      tangentMode: 0
      weightedMode: 0
      inWeight: 0.33333334
      outWeight: 0.33333334
    - serializedVersion: 3
      time: 1
      value: 0
      inSlope: 0
      outSlope: 0
      tangentMode: 0
      weightedMode: 0
      inWeight: 0.33333334
      outWeight: 0.33333334
    m_PreInfinity: 2
    m_PostInfinity: 2
    m_RotationOrder: 4
  panLevelCustomCurve:
    serializedVersion: 2
    m_Curve:
    - serializedVersion: 3
      time: 0
      value: 0
      inSlope: 0
      outSlope: 0
      tangentMode: 0
      weightedMode: 0
      inWeight: 0.33333334
      outWeight: 0.33333334
    m_PreInfinity: 2
    m_PostInfinity: 2
    m_RotationOrder: 4
  spreadCustomCurve:
    serializedVersion: 2
    m_Curve:
    - serializedVersion: 3
      time: 0
      value: 0
      inSlope: 0
      outSlope: 0
      tangentMode: 0
      weightedMode: 0
      inWeight: 0.33333334
      outWeight: 0.33333334
    m_PreInfinity: 2
    m_PostInfinity: 2
    m_RotationOrder: 4
  reverbZoneMixCustomCurve:
    serializedVersion: 2
    m_Curve:
    - serializedVersion: 3
      time: 0
      value: 1
      inSlope: 0
      outSlope: 0
      tangentMode: 0
      weightedMode: 0
      inWeight: 0.33333334
      outWeight: 0.33333334
    m_PreInfinity: 2
    m_PostInfinity: 2
    m_RotationOrder: 4
--- !u!1 &7333828732970656581
GameObject:
  m_ObjectHideFlags: 0
  m_CorrespondingSourceObject: {fileID: 0}
  m_PrefabInstance: {fileID: 0}
  m_PrefabAsset: {fileID: 0}
  serializedVersion: 6
  m_Component:
  - component: {fileID: 5371489243482101769}
  - component: {fileID: 2518301116489485397}
  - component: {fileID: 5557549396317269318}
  m_Layer: 9
  m_Name: left
  m_TagString: nearmiss
  m_Icon: {fileID: 0}
  m_NavMeshLayer: 0
  m_StaticEditorFlags: 2
  m_IsActive: 1
--- !u!4 &5371489243482101769
Transform:
  m_ObjectHideFlags: 0
  m_CorrespondingSourceObject: {fileID: 0}
  m_PrefabInstance: {fileID: 0}
  m_PrefabAsset: {fileID: 0}
  m_GameObject: {fileID: 7333828732970656581}
  m_LocalRotation: {x: 0, y: 0, z: 0, w: 1}
  m_LocalPosition: {x: 0.299, y: 0.67, z: -0}
  m_LocalScale: {x: 1, y: 1, z: 1}
  m_Children: []
  m_Father: {fileID: 6059813905623248929}
  m_RootOrder: 0
  m_LocalEulerAnglesHint: {x: 0, y: 0, z: 0}
--- !u!65 &2518301116489485397
BoxCollider:
  m_ObjectHideFlags: 0
  m_CorrespondingSourceObject: {fileID: 0}
  m_PrefabInstance: {fileID: 0}
  m_PrefabAsset: {fileID: 0}
  m_GameObject: {fileID: 7333828732970656581}
  m_Material: {fileID: 0}
  m_IsTrigger: 1
  m_Enabled: 1
  serializedVersion: 2
  m_Size: {x: 0.2, y: 1.32, z: 4.76}
  m_Center: {x: 0, y: 0, z: 0}
--- !u!114 &5557549396317269318
MonoBehaviour:
  m_ObjectHideFlags: 0
  m_CorrespondingSourceObject: {fileID: 0}
  m_PrefabInstance: {fileID: 0}
  m_PrefabAsset: {fileID: 0}
  m_GameObject: {fileID: 7333828732970656581}
  m_Enabled: 1
  m_EditorHideFlags: 0
  m_Script: {fileID: 11500000, guid: d3fe07b38250b421991932c93b29d19d, type: 3}
  m_Name: 
  m_EditorClassIdentifier: 
  side: 0
  particleSystemPrefab: {fileID: 147642, guid: 2a8c361e6a3e947dc9c4486c4c52e756, type: 3}
  obstacleNearMissPrefab: {fileID: 0}
--- !u!1 &9186653112442604389
GameObject:
  m_ObjectHideFlags: 0
  m_CorrespondingSourceObject: {fileID: 0}
  m_PrefabInstance: {fileID: 0}
  m_PrefabAsset: {fileID: 0}
  serializedVersion: 6
  m_Component:
  - component: {fileID: 9186653112442604390}
  m_Layer: 9
  m_Name: CoM
  m_TagString: Player
  m_Icon: {fileID: 0}
  m_NavMeshLayer: 0
  m_StaticEditorFlags: 2
  m_IsActive: 1
--- !u!4 &9186653112442604390
Transform:
  m_ObjectHideFlags: 0
  m_CorrespondingSourceObject: {fileID: 0}
  m_PrefabInstance: {fileID: 0}
  m_PrefabAsset: {fileID: 0}
  m_GameObject: {fileID: 9186653112442604389}
  m_LocalRotation: {x: 0, y: 0, z: 0, w: 1}
  m_LocalPosition: {x: 0, y: 0.38, z: -0.1}
  m_LocalScale: {x: 1, y: 1, z: 1}
  m_Children: []
  m_Father: {fileID: 2563096174532659244}
  m_RootOrder: 7
  m_LocalEulerAnglesHint: {x: 0, y: 0, z: 0}
--- !u!1 &9186653112801455325
GameObject:
  m_ObjectHideFlags: 0
  m_CorrespondingSourceObject: {fileID: 0}
  m_PrefabInstance: {fileID: 0}
  m_PrefabAsset: {fileID: 0}
  serializedVersion: 6
  m_Component:
  - component: {fileID: 9186653112801455326}
  m_Layer: 9
  m_Name: attackLocation
  m_TagString: Player
  m_Icon: {fileID: 0}
  m_NavMeshLayer: 0
  m_StaticEditorFlags: 2
  m_IsActive: 1
--- !u!4 &9186653112801455326
Transform:
  m_ObjectHideFlags: 0
  m_CorrespondingSourceObject: {fileID: 0}
  m_PrefabInstance: {fileID: 0}
  m_PrefabAsset: {fileID: 0}
  m_GameObject: {fileID: 9186653112801455325}
  m_LocalRotation: {x: -0.000000021855694, y: -0, z: -0, w: 1}
  m_LocalPosition: {x: 0, y: 1.22, z: 3.02}
  m_LocalScale: {x: 0.72058743, y: 0.72058743, z: 0.72058743}
  m_Children: []
  m_Father: {fileID: 2563096174532659244}
  m_RootOrder: 5
  m_LocalEulerAnglesHint: {x: 0, y: 0, z: 0}
--- !u!1 &9186653112905078708
GameObject:
  m_ObjectHideFlags: 0
  m_CorrespondingSourceObject: {fileID: 0}
  m_PrefabInstance: {fileID: 0}
  m_PrefabAsset: {fileID: 0}
  serializedVersion: 6
  m_Component:
  - component: {fileID: 9186653112905078709}
  m_Layer: 9
  m_Name: wheel_trails
  m_TagString: Player
  m_Icon: {fileID: 0}
  m_NavMeshLayer: 0
  m_StaticEditorFlags: 2
  m_IsActive: 1
--- !u!4 &9186653112905078709
Transform:
  m_ObjectHideFlags: 0
  m_CorrespondingSourceObject: {fileID: 0}
  m_PrefabInstance: {fileID: 0}
  m_PrefabAsset: {fileID: 0}
  m_GameObject: {fileID: 9186653112905078708}
  m_LocalRotation: {x: -0.000000021855694, y: -0, z: -0, w: 1}
  m_LocalPosition: {x: 0, y: 0, z: 0}
  m_LocalScale: {x: 0.625, y: 0.625, z: 0.625}
  m_Children:
  - {fileID: 9186653112363880522}
  - {fileID: 9186653112766585223}
  m_Father: {fileID: 2563096174532659244}
  m_RootOrder: 8
  m_LocalEulerAnglesHint: {x: 0, y: 0, z: 0}
--- !u!1 &9186653113289854951
GameObject:
  m_ObjectHideFlags: 0
  m_CorrespondingSourceObject: {fileID: 0}
  m_PrefabInstance: {fileID: 0}
  m_PrefabAsset: {fileID: 0}
  serializedVersion: 6
  m_Component:
  - component: {fileID: 9186653113289854944}
  - component: {fileID: 9186653113289854945}
  m_Layer: 9
  m_Name: speedBoost
  m_TagString: Player
  m_Icon: {fileID: 0}
  m_NavMeshLayer: 0
  m_StaticEditorFlags: 2
  m_IsActive: 1
--- !u!4 &9186653113289854944
Transform:
  m_ObjectHideFlags: 0
  m_CorrespondingSourceObject: {fileID: 0}
  m_PrefabInstance: {fileID: 0}
  m_PrefabAsset: {fileID: 0}
  m_GameObject: {fileID: 9186653113289854951}
  m_LocalRotation: {x: -0.000000021855694, y: -0, z: -0, w: 1}
  m_LocalPosition: {x: 0, y: 0, z: 0}
  m_LocalScale: {x: 0.72058743, y: 0.72058743, z: 0.72058743}
  m_Children:
  - {fileID: 2281702192649608480}
  - {fileID: 9182046147279398248}
  - {fileID: 9182046147865248169}
  - {fileID: 9182046147177729108}
  m_Father: {fileID: 2563096174532659244}
  m_RootOrder: 4
  m_LocalEulerAnglesHint: {x: 0, y: 0, z: 0}
--- !u!114 &9186653113289854945
MonoBehaviour:
  m_ObjectHideFlags: 0
  m_CorrespondingSourceObject: {fileID: 0}
  m_PrefabInstance: {fileID: 0}
  m_PrefabAsset: {fileID: 0}
  m_GameObject: {fileID: 9186653113289854951}
  m_Enabled: 1
  m_EditorHideFlags: 0
  m_Script: {fileID: 11500000, guid: 503ad74bd4a5d4b59acf0cf312fb2082, type: 3}
  m_Name: 
  m_EditorClassIdentifier: 
  boostParticles:
  - {fileID: 2281702192668031070}
  smokeTrail: []
--- !u!1 &9186653113573012813
GameObject:
  m_ObjectHideFlags: 0
  m_CorrespondingSourceObject: {fileID: 0}
  m_PrefabInstance: {fileID: 0}
  m_PrefabAsset: {fileID: 0}
  serializedVersion: 6
  m_Component:
  - component: {fileID: 9186653113573012814}
  m_Layer: 9
  m_Name: explosionForcePosition
  m_TagString: Player
  m_Icon: {fileID: 0}
  m_NavMeshLayer: 0
  m_StaticEditorFlags: 2
  m_IsActive: 1
--- !u!4 &9186653113573012814
Transform:
  m_ObjectHideFlags: 0
  m_CorrespondingSourceObject: {fileID: 0}
  m_PrefabInstance: {fileID: 0}
  m_PrefabAsset: {fileID: 0}
  m_GameObject: {fileID: 9186653113573012813}
  m_LocalRotation: {x: -0.000000021855694, y: -0, z: -0, w: 1}
  m_LocalPosition: {x: -0.06, y: 0.27, z: -2.9}
  m_LocalScale: {x: 0.625, y: 0.625, z: 0.625}
  m_Children: []
  m_Father: {fileID: 2563096174532659244}
  m_RootOrder: 6
  m_LocalEulerAnglesHint: {x: 0, y: 0, z: 0}
--- !u!1001 &1416500292833212129
PrefabInstance:
  m_ObjectHideFlags: 0
  serializedVersion: 2
  m_Modification:
    m_TransformParent: {fileID: 2563096174532659244}
    m_Modifications:
    - target: {fileID: 2575799586470967481, guid: 19b1fc7e006e04738a2ac8bc49857803,
        type: 3}
      propertyPath: m_Mesh
      value: 
      objectReference: {fileID: -3804292076810390853, guid: 01dd96220012c47dcb4a054c7246f8ed,
        type: 3}
    - target: {fileID: 3775199370510750708, guid: 19b1fc7e006e04738a2ac8bc49857803,
        type: 3}
      propertyPath: m_LocalPosition.x
      value: 0.83
      objectReference: {fileID: 0}
    - target: {fileID: 3775199370510750708, guid: 19b1fc7e006e04738a2ac8bc49857803,
        type: 3}
      propertyPath: m_LocalPosition.y
      value: 0.5
      objectReference: {fileID: 0}
    - target: {fileID: 3775199370510750708, guid: 19b1fc7e006e04738a2ac8bc49857803,
        type: 3}
      propertyPath: m_LocalPosition.z
      value: -1.96
      objectReference: {fileID: 0}
    - target: {fileID: 3775199370510750708, guid: 19b1fc7e006e04738a2ac8bc49857803,
        type: 3}
      propertyPath: m_LocalRotation.x
      value: 0
      objectReference: {fileID: 0}
    - target: {fileID: 3775199370510750708, guid: 19b1fc7e006e04738a2ac8bc49857803,
        type: 3}
      propertyPath: m_LocalRotation.y
      value: 1
      objectReference: {fileID: 0}
    - target: {fileID: 3775199370510750708, guid: 19b1fc7e006e04738a2ac8bc49857803,
        type: 3}
      propertyPath: m_LocalRotation.z
      value: 0
      objectReference: {fileID: 0}
    - target: {fileID: 3775199370510750708, guid: 19b1fc7e006e04738a2ac8bc49857803,
        type: 3}
      propertyPath: m_LocalRotation.w
      value: 0
      objectReference: {fileID: 0}
    - target: {fileID: 3775199370510750708, guid: 19b1fc7e006e04738a2ac8bc49857803,
        type: 3}
      propertyPath: m_RootOrder
      value: 3
      objectReference: {fileID: 0}
    - target: {fileID: 3775199370510750708, guid: 19b1fc7e006e04738a2ac8bc49857803,
        type: 3}
      propertyPath: m_LocalEulerAnglesHint.x
      value: 0
      objectReference: {fileID: 0}
    - target: {fileID: 3775199370510750708, guid: 19b1fc7e006e04738a2ac8bc49857803,
        type: 3}
      propertyPath: m_LocalEulerAnglesHint.y
      value: 180
      objectReference: {fileID: 0}
    - target: {fileID: 3775199370510750708, guid: 19b1fc7e006e04738a2ac8bc49857803,
        type: 3}
      propertyPath: m_LocalEulerAnglesHint.z
      value: 0
      objectReference: {fileID: 0}
    - target: {fileID: 3775199370510750708, guid: 19b1fc7e006e04738a2ac8bc49857803,
        type: 3}
      propertyPath: m_LocalScale.x
      value: 1.4
      objectReference: {fileID: 0}
    - target: {fileID: 3775199370510750708, guid: 19b1fc7e006e04738a2ac8bc49857803,
        type: 3}
      propertyPath: m_LocalScale.y
      value: 1.4
      objectReference: {fileID: 0}
    - target: {fileID: 3775199370510750708, guid: 19b1fc7e006e04738a2ac8bc49857803,
        type: 3}
      propertyPath: m_LocalScale.z
      value: 1.4
      objectReference: {fileID: 0}
    - target: {fileID: 6614315402482051505, guid: 19b1fc7e006e04738a2ac8bc49857803,
        type: 3}
      propertyPath: m_Materials.Array.data[0]
      value: 
      objectReference: {fileID: 2100000, guid: a3d9f02cbca404174b4b750d251ef633, type: 2}
    - target: {fileID: 7446537833229736216, guid: 19b1fc7e006e04738a2ac8bc49857803,
        type: 3}
      propertyPath: m_Name
      value: RR
      objectReference: {fileID: 0}
    m_RemovedComponents:
    - {fileID: 2622414183653921618, guid: 19b1fc7e006e04738a2ac8bc49857803, type: 3}
  m_SourcePrefab: {fileID: 100100000, guid: 19b1fc7e006e04738a2ac8bc49857803, type: 3}
--- !u!146 &2861412409462920768 stripped
WheelCollider:
  m_CorrespondingSourceObject: {fileID: 3755347810675974305, guid: 19b1fc7e006e04738a2ac8bc49857803,
    type: 3}
  m_PrefabInstance: {fileID: 1416500292833212129}
  m_PrefabAsset: {fileID: 0}
--- !u!4 &2867764170615235861 stripped
Transform:
  m_CorrespondingSourceObject: {fileID: 3775199370510750708, guid: 19b1fc7e006e04738a2ac8bc49857803,
    type: 3}
  m_PrefabInstance: {fileID: 1416500292833212129}
  m_PrefabAsset: {fileID: 0}
--- !u!1001 &1902627643491601858
PrefabInstance:
  m_ObjectHideFlags: 0
  serializedVersion: 2
  m_Modification:
    m_TransformParent: {fileID: 2563096174532659244}
    m_Modifications:
    - target: {fileID: 466479733207860476, guid: b1c344357d9264ba4b8791bc395fb5ee,
        type: 3}
      propertyPath: m_Range
      value: 0.6
      objectReference: {fileID: 0}
    - target: {fileID: 2244327880168540267, guid: b1c344357d9264ba4b8791bc395fb5ee,
        type: 3}
      propertyPath: m_LocalPosition.x
      value: 0.008
      objectReference: {fileID: 0}
    - target: {fileID: 2244327880168540267, guid: b1c344357d9264ba4b8791bc395fb5ee,
        type: 3}
      propertyPath: m_LocalPosition.y
      value: 2.441
      objectReference: {fileID: 0}
    - target: {fileID: 2244327880168540267, guid: b1c344357d9264ba4b8791bc395fb5ee,
        type: 3}
      propertyPath: m_LocalPosition.z
      value: 0.387
      objectReference: {fileID: 0}
    - target: {fileID: 2244327880168540267, guid: b1c344357d9264ba4b8791bc395fb5ee,
        type: 3}
      propertyPath: m_LocalRotation.x
      value: -0
      objectReference: {fileID: 0}
    - target: {fileID: 2244327880168540267, guid: b1c344357d9264ba4b8791bc395fb5ee,
        type: 3}
      propertyPath: m_LocalRotation.y
      value: -0
      objectReference: {fileID: 0}
    - target: {fileID: 2244327880168540267, guid: b1c344357d9264ba4b8791bc395fb5ee,
        type: 3}
      propertyPath: m_LocalRotation.z
      value: -0
      objectReference: {fileID: 0}
    - target: {fileID: 2244327880168540267, guid: b1c344357d9264ba4b8791bc395fb5ee,
        type: 3}
      propertyPath: m_LocalRotation.w
      value: 1
      objectReference: {fileID: 0}
    - target: {fileID: 2244327880168540267, guid: b1c344357d9264ba4b8791bc395fb5ee,
        type: 3}
      propertyPath: m_RootOrder
      value: 10
      objectReference: {fileID: 0}
    - target: {fileID: 2244327880168540267, guid: b1c344357d9264ba4b8791bc395fb5ee,
        type: 3}
      propertyPath: m_LocalEulerAnglesHint.x
      value: 0
      objectReference: {fileID: 0}
    - target: {fileID: 2244327880168540267, guid: b1c344357d9264ba4b8791bc395fb5ee,
        type: 3}
      propertyPath: m_LocalEulerAnglesHint.y
      value: 0
      objectReference: {fileID: 0}
    - target: {fileID: 2244327880168540267, guid: b1c344357d9264ba4b8791bc395fb5ee,
        type: 3}
      propertyPath: m_LocalEulerAnglesHint.z
      value: 0
      objectReference: {fileID: 0}
    - target: {fileID: 2244327880168540267, guid: b1c344357d9264ba4b8791bc395fb5ee,
        type: 3}
      propertyPath: m_LocalScale.x
      value: 0.25
      objectReference: {fileID: 0}
    - target: {fileID: 2244327880168540267, guid: b1c344357d9264ba4b8791bc395fb5ee,
        type: 3}
      propertyPath: m_LocalScale.y
      value: 0.2
      objectReference: {fileID: 0}
    - target: {fileID: 2244327880168540267, guid: b1c344357d9264ba4b8791bc395fb5ee,
        type: 3}
      propertyPath: m_LocalScale.z
      value: 0.5
      objectReference: {fileID: 0}
    - target: {fileID: 2244327880168540268, guid: b1c344357d9264ba4b8791bc395fb5ee,
        type: 3}
      propertyPath: m_Name
      value: PoliceLight
      objectReference: {fileID: 0}
    - target: {fileID: 2244327880168540268, guid: b1c344357d9264ba4b8791bc395fb5ee,
        type: 3}
      propertyPath: m_StaticEditorFlags
      value: 2
      objectReference: {fileID: 0}
    - target: {fileID: 2749789833125494469, guid: b1c344357d9264ba4b8791bc395fb5ee,
        type: 3}
      propertyPath: m_Range
      value: 0.6
      objectReference: {fileID: 0}
    - target: {fileID: 3084674037716816709, guid: b1c344357d9264ba4b8791bc395fb5ee,
        type: 3}
      propertyPath: m_Layer
      value: 9
      objectReference: {fileID: 0}
    - target: {fileID: 3435738936025041956, guid: b1c344357d9264ba4b8791bc395fb5ee,
        type: 3}
      propertyPath: m_Layer
      value: 9
      objectReference: {fileID: 0}
    - target: {fileID: 4527777440243881688, guid: b1c344357d9264ba4b8791bc395fb5ee,
        type: 3}
      propertyPath: m_Layer
      value: 9
      objectReference: {fileID: 0}
    - target: {fileID: 5079641576393257226, guid: b1c344357d9264ba4b8791bc395fb5ee,
        type: 3}
      propertyPath: m_Layer
      value: 9
      objectReference: {fileID: 0}
    - target: {fileID: 5384526365681860882, guid: b1c344357d9264ba4b8791bc395fb5ee,
        type: 3}
      propertyPath: m_StaticEditorFlags
      value: 2
      objectReference: {fileID: 0}
    - target: {fileID: 6354200943151321244, guid: b1c344357d9264ba4b8791bc395fb5ee,
        type: 3}
      propertyPath: m_Range
      value: 0.6
      objectReference: {fileID: 0}
    - target: {fileID: 6476114453821621901, guid: b1c344357d9264ba4b8791bc395fb5ee,
        type: 3}
      propertyPath: m_Range
      value: 0.6
      objectReference: {fileID: 0}
    - target: {fileID: 6991525645288985952, guid: b1c344357d9264ba4b8791bc395fb5ee,
        type: 3}
      propertyPath: m_StaticEditorFlags
      value: 2
      objectReference: {fileID: 0}
    - target: {fileID: 8199407521206987110, guid: b1c344357d9264ba4b8791bc395fb5ee,
        type: 3}
      propertyPath: m_StaticEditorFlags
      value: 2
      objectReference: {fileID: 0}
    m_RemovedComponents: []
  m_SourcePrefab: {fileID: 100100000, guid: b1c344357d9264ba4b8791bc395fb5ee, type: 3}
--- !u!4 &378875842242299305 stripped
Transform:
  m_CorrespondingSourceObject: {fileID: 2244327880168540267, guid: b1c344357d9264ba4b8791bc395fb5ee,
    type: 3}
  m_PrefabInstance: {fileID: 1902627643491601858}
  m_PrefabAsset: {fileID: 0}
--- !u!114 &5599024841753670080 stripped
MonoBehaviour:
  m_CorrespondingSourceObject: {fileID: 6328901832952740866, guid: b1c344357d9264ba4b8791bc395fb5ee,
    type: 3}
  m_PrefabInstance: {fileID: 1902627643491601858}
  m_PrefabAsset: {fileID: 0}
  m_GameObject: {fileID: 0}
  m_Enabled: 1
  m_EditorHideFlags: 0
  m_Script: {fileID: 11500000, guid: fcce4c1be5da341018b5d8db8ef16336, type: 3}
  m_Name: 
  m_EditorClassIdentifier: 
--- !u!1001 &2281702192649537424
PrefabInstance:
  m_ObjectHideFlags: 0
  serializedVersion: 2
  m_Modification:
    m_TransformParent: {fileID: 9186653113289854944}
    m_Modifications:
    - target: {fileID: 129050, guid: da5eabb1aa85f48dc8b887f245897e70, type: 3}
      propertyPath: m_Layer
      value: 9
      objectReference: {fileID: 0}
    - target: {fileID: 159618, guid: da5eabb1aa85f48dc8b887f245897e70, type: 3}
      propertyPath: m_Name
      value: boostEffect_L
      objectReference: {fileID: 0}
    - target: {fileID: 159618, guid: da5eabb1aa85f48dc8b887f245897e70, type: 3}
      propertyPath: m_Layer
      value: 9
      objectReference: {fileID: 0}
    - target: {fileID: 159618, guid: da5eabb1aa85f48dc8b887f245897e70, type: 3}
      propertyPath: m_StaticEditorFlags
      value: 2
      objectReference: {fileID: 0}
    - target: {fileID: 196304, guid: da5eabb1aa85f48dc8b887f245897e70, type: 3}
      propertyPath: m_Layer
      value: 9
      objectReference: {fileID: 0}
    - target: {fileID: 196304, guid: da5eabb1aa85f48dc8b887f245897e70, type: 3}
      propertyPath: m_StaticEditorFlags
      value: 2
      objectReference: {fileID: 0}
    - target: {fileID: 465584, guid: da5eabb1aa85f48dc8b887f245897e70, type: 3}
      propertyPath: m_LocalPosition.x
      value: -0.03
      objectReference: {fileID: 0}
    - target: {fileID: 465584, guid: da5eabb1aa85f48dc8b887f245897e70, type: 3}
      propertyPath: m_LocalPosition.y
      value: 0.52
      objectReference: {fileID: 0}
    - target: {fileID: 465584, guid: da5eabb1aa85f48dc8b887f245897e70, type: 3}
      propertyPath: m_LocalPosition.z
      value: -4.43
      objectReference: {fileID: 0}
    - target: {fileID: 465584, guid: da5eabb1aa85f48dc8b887f245897e70, type: 3}
      propertyPath: m_LocalRotation.x
      value: 1
      objectReference: {fileID: 0}
    - target: {fileID: 465584, guid: da5eabb1aa85f48dc8b887f245897e70, type: 3}
      propertyPath: m_LocalRotation.y
      value: -0
      objectReference: {fileID: 0}
    - target: {fileID: 465584, guid: da5eabb1aa85f48dc8b887f245897e70, type: 3}
      propertyPath: m_LocalRotation.z
      value: -0
      objectReference: {fileID: 0}
    - target: {fileID: 465584, guid: da5eabb1aa85f48dc8b887f245897e70, type: 3}
      propertyPath: m_LocalRotation.w
      value: -0.000000021855694
      objectReference: {fileID: 0}
    - target: {fileID: 465584, guid: da5eabb1aa85f48dc8b887f245897e70, type: 3}
      propertyPath: m_RootOrder
      value: 0
      objectReference: {fileID: 0}
    - target: {fileID: 465584, guid: da5eabb1aa85f48dc8b887f245897e70, type: 3}
      propertyPath: m_LocalEulerAnglesHint.x
      value: 180
      objectReference: {fileID: 0}
    - target: {fileID: 465584, guid: da5eabb1aa85f48dc8b887f245897e70, type: 3}
      propertyPath: m_LocalEulerAnglesHint.y
      value: 0
      objectReference: {fileID: 0}
    - target: {fileID: 465584, guid: da5eabb1aa85f48dc8b887f245897e70, type: 3}
      propertyPath: m_LocalEulerAnglesHint.z
      value: 0
      objectReference: {fileID: 0}
    - target: {fileID: 465584, guid: da5eabb1aa85f48dc8b887f245897e70, type: 3}
      propertyPath: m_LocalScale.z
      value: 1.3877566
      objectReference: {fileID: 0}
    - target: {fileID: 465584, guid: da5eabb1aa85f48dc8b887f245897e70, type: 3}
      propertyPath: m_LocalScale.x
      value: 1.3877566
      objectReference: {fileID: 0}
    - target: {fileID: 465584, guid: da5eabb1aa85f48dc8b887f245897e70, type: 3}
      propertyPath: m_LocalScale.y
      value: 1.3877566
      objectReference: {fileID: 0}
    - target: {fileID: 1921938494669318, guid: da5eabb1aa85f48dc8b887f245897e70, type: 3}
      propertyPath: m_Layer
      value: 9
      objectReference: {fileID: 0}
    - target: {fileID: 1921938494669318, guid: da5eabb1aa85f48dc8b887f245897e70, type: 3}
      propertyPath: m_StaticEditorFlags
      value: 2
      objectReference: {fileID: 0}
    m_RemovedComponents: []
  m_SourcePrefab: {fileID: 100100000, guid: da5eabb1aa85f48dc8b887f245897e70, type: 3}
--- !u!4 &2281702192649608480 stripped
Transform:
  m_CorrespondingSourceObject: {fileID: 465584, guid: da5eabb1aa85f48dc8b887f245897e70,
    type: 3}
  m_PrefabInstance: {fileID: 2281702192649537424}
  m_PrefabAsset: {fileID: 0}
--- !u!198 &2281702192668031070 stripped
ParticleSystem:
  m_CorrespondingSourceObject: {fileID: 19808206, guid: da5eabb1aa85f48dc8b887f245897e70,
    type: 3}
  m_PrefabInstance: {fileID: 2281702192649537424}
  m_PrefabAsset: {fileID: 0}
--- !u!1001 &2428520028055569613
PrefabInstance:
  m_ObjectHideFlags: 0
  serializedVersion: 2
  m_Modification:
    m_TransformParent: {fileID: 2563096174532659244}
    m_Modifications:
    - target: {fileID: 2575799586470967481, guid: 19b1fc7e006e04738a2ac8bc49857803,
        type: 3}
      propertyPath: m_Mesh
      value: 
      objectReference: {fileID: -3804292076810390853, guid: 01dd96220012c47dcb4a054c7246f8ed,
        type: 3}
    - target: {fileID: 3775199370510750708, guid: 19b1fc7e006e04738a2ac8bc49857803,
        type: 3}
      propertyPath: m_LocalPosition.x
      value: -0.998
      objectReference: {fileID: 0}
    - target: {fileID: 3775199370510750708, guid: 19b1fc7e006e04738a2ac8bc49857803,
        type: 3}
      propertyPath: m_LocalPosition.y
      value: 0.5
      objectReference: {fileID: 0}
    - target: {fileID: 3775199370510750708, guid: 19b1fc7e006e04738a2ac8bc49857803,
        type: 3}
      propertyPath: m_LocalPosition.z
      value: 1.95
      objectReference: {fileID: 0}
    - target: {fileID: 3775199370510750708, guid: 19b1fc7e006e04738a2ac8bc49857803,
        type: 3}
      propertyPath: m_LocalRotation.x
      value: 0
      objectReference: {fileID: 0}
    - target: {fileID: 3775199370510750708, guid: 19b1fc7e006e04738a2ac8bc49857803,
        type: 3}
      propertyPath: m_LocalRotation.y
      value: -0
      objectReference: {fileID: 0}
    - target: {fileID: 3775199370510750708, guid: 19b1fc7e006e04738a2ac8bc49857803,
        type: 3}
      propertyPath: m_LocalRotation.z
      value: -0
      objectReference: {fileID: 0}
    - target: {fileID: 3775199370510750708, guid: 19b1fc7e006e04738a2ac8bc49857803,
        type: 3}
      propertyPath: m_LocalRotation.w
      value: 1
      objectReference: {fileID: 0}
    - target: {fileID: 3775199370510750708, guid: 19b1fc7e006e04738a2ac8bc49857803,
        type: 3}
      propertyPath: m_RootOrder
      value: 0
      objectReference: {fileID: 0}
    - target: {fileID: 3775199370510750708, guid: 19b1fc7e006e04738a2ac8bc49857803,
        type: 3}
      propertyPath: m_LocalEulerAnglesHint.x
      value: 0
      objectReference: {fileID: 0}
    - target: {fileID: 3775199370510750708, guid: 19b1fc7e006e04738a2ac8bc49857803,
        type: 3}
      propertyPath: m_LocalEulerAnglesHint.y
      value: 0
      objectReference: {fileID: 0}
    - target: {fileID: 3775199370510750708, guid: 19b1fc7e006e04738a2ac8bc49857803,
        type: 3}
      propertyPath: m_LocalEulerAnglesHint.z
      value: 0
      objectReference: {fileID: 0}
    - target: {fileID: 3775199370510750708, guid: 19b1fc7e006e04738a2ac8bc49857803,
        type: 3}
      propertyPath: m_LocalScale.x
      value: 1.4
      objectReference: {fileID: 0}
    - target: {fileID: 3775199370510750708, guid: 19b1fc7e006e04738a2ac8bc49857803,
        type: 3}
      propertyPath: m_LocalScale.y
      value: 1.4
      objectReference: {fileID: 0}
    - target: {fileID: 3775199370510750708, guid: 19b1fc7e006e04738a2ac8bc49857803,
        type: 3}
      propertyPath: m_LocalScale.z
      value: 1.4
      objectReference: {fileID: 0}
    - target: {fileID: 6614315402482051505, guid: 19b1fc7e006e04738a2ac8bc49857803,
        type: 3}
      propertyPath: m_Materials.Array.data[0]
      value: 
      objectReference: {fileID: 2100000, guid: a3d9f02cbca404174b4b750d251ef633, type: 2}
    - target: {fileID: 7446537833229736216, guid: 19b1fc7e006e04738a2ac8bc49857803,
        type: 3}
      propertyPath: m_Name
      value: FL
      objectReference: {fileID: 0}
    m_RemovedComponents:
    - {fileID: 2622414183653921618, guid: 19b1fc7e006e04738a2ac8bc49857803, type: 3}
  m_SourcePrefab: {fileID: 100100000, guid: 19b1fc7e006e04738a2ac8bc49857803, type: 3}
--- !u!146 &1562321320497996908 stripped
WheelCollider:
  m_CorrespondingSourceObject: {fileID: 3755347810675974305, guid: 19b1fc7e006e04738a2ac8bc49857803,
    type: 3}
  m_PrefabInstance: {fileID: 2428520028055569613}
  m_PrefabAsset: {fileID: 0}
--- !u!4 &1573979250967369529 stripped
Transform:
  m_CorrespondingSourceObject: {fileID: 3775199370510750708, guid: 19b1fc7e006e04738a2ac8bc49857803,
    type: 3}
  m_PrefabInstance: {fileID: 2428520028055569613}
  m_PrefabAsset: {fileID: 0}
--- !u!1001 &3999346490065582551
PrefabInstance:
  m_ObjectHideFlags: 0
  serializedVersion: 2
  m_Modification:
    m_TransformParent: {fileID: 2563096174532659244}
    m_Modifications:
    - target: {fileID: 2575799586470967481, guid: 19b1fc7e006e04738a2ac8bc49857803,
        type: 3}
      propertyPath: m_Mesh
      value: 
      objectReference: {fileID: -3804292076810390853, guid: 01dd96220012c47dcb4a054c7246f8ed,
        type: 3}
    - target: {fileID: 3775199370510750708, guid: 19b1fc7e006e04738a2ac8bc49857803,
        type: 3}
      propertyPath: m_LocalPosition.x
      value: 0.9
      objectReference: {fileID: 0}
    - target: {fileID: 3775199370510750708, guid: 19b1fc7e006e04738a2ac8bc49857803,
        type: 3}
      propertyPath: m_LocalPosition.y
      value: 0.5
      objectReference: {fileID: 0}
    - target: {fileID: 3775199370510750708, guid: 19b1fc7e006e04738a2ac8bc49857803,
        type: 3}
      propertyPath: m_LocalPosition.z
      value: 1.95
      objectReference: {fileID: 0}
    - target: {fileID: 3775199370510750708, guid: 19b1fc7e006e04738a2ac8bc49857803,
        type: 3}
      propertyPath: m_LocalRotation.x
      value: 0
      objectReference: {fileID: 0}
    - target: {fileID: 3775199370510750708, guid: 19b1fc7e006e04738a2ac8bc49857803,
        type: 3}
      propertyPath: m_LocalRotation.y
      value: 1
      objectReference: {fileID: 0}
    - target: {fileID: 3775199370510750708, guid: 19b1fc7e006e04738a2ac8bc49857803,
        type: 3}
      propertyPath: m_LocalRotation.z
      value: 0
      objectReference: {fileID: 0}
    - target: {fileID: 3775199370510750708, guid: 19b1fc7e006e04738a2ac8bc49857803,
        type: 3}
      propertyPath: m_LocalRotation.w
      value: 0
      objectReference: {fileID: 0}
    - target: {fileID: 3775199370510750708, guid: 19b1fc7e006e04738a2ac8bc49857803,
        type: 3}
      propertyPath: m_RootOrder
      value: 1
      objectReference: {fileID: 0}
    - target: {fileID: 3775199370510750708, guid: 19b1fc7e006e04738a2ac8bc49857803,
        type: 3}
      propertyPath: m_LocalEulerAnglesHint.x
      value: 0
      objectReference: {fileID: 0}
    - target: {fileID: 3775199370510750708, guid: 19b1fc7e006e04738a2ac8bc49857803,
        type: 3}
      propertyPath: m_LocalEulerAnglesHint.y
      value: 180
      objectReference: {fileID: 0}
    - target: {fileID: 3775199370510750708, guid: 19b1fc7e006e04738a2ac8bc49857803,
        type: 3}
      propertyPath: m_LocalEulerAnglesHint.z
      value: 0
      objectReference: {fileID: 0}
    - target: {fileID: 3775199370510750708, guid: 19b1fc7e006e04738a2ac8bc49857803,
        type: 3}
      propertyPath: m_LocalScale.x
      value: 1.4
      objectReference: {fileID: 0}
    - target: {fileID: 3775199370510750708, guid: 19b1fc7e006e04738a2ac8bc49857803,
        type: 3}
      propertyPath: m_LocalScale.y
      value: 1.4
      objectReference: {fileID: 0}
    - target: {fileID: 3775199370510750708, guid: 19b1fc7e006e04738a2ac8bc49857803,
        type: 3}
      propertyPath: m_LocalScale.z
      value: 1.4
      objectReference: {fileID: 0}
    - target: {fileID: 6614315402482051505, guid: 19b1fc7e006e04738a2ac8bc49857803,
        type: 3}
      propertyPath: m_Materials.Array.data[0]
      value: 
      objectReference: {fileID: 2100000, guid: a3d9f02cbca404174b4b750d251ef633, type: 2}
    - target: {fileID: 7446537833229736216, guid: 19b1fc7e006e04738a2ac8bc49857803,
        type: 3}
      propertyPath: m_Name
      value: FR
      objectReference: {fileID: 0}
    m_RemovedComponents:
    - {fileID: 2622414183653921618, guid: 19b1fc7e006e04738a2ac8bc49857803, type: 3}
  m_SourcePrefab: {fileID: 100100000, guid: 19b1fc7e006e04738a2ac8bc49857803, type: 3}
--- !u!4 &280555381825088035 stripped
Transform:
  m_CorrespondingSourceObject: {fileID: 3775199370510750708, guid: 19b1fc7e006e04738a2ac8bc49857803,
    type: 3}
  m_PrefabInstance: {fileID: 3999346490065582551}
  m_PrefabAsset: {fileID: 0}
--- !u!146 &260404617122257270 stripped
WheelCollider:
  m_CorrespondingSourceObject: {fileID: 3755347810675974305, guid: 19b1fc7e006e04738a2ac8bc49857803,
    type: 3}
  m_PrefabInstance: {fileID: 3999346490065582551}
  m_PrefabAsset: {fileID: 0}
--- !u!1001 &7363396160932330728
PrefabInstance:
  m_ObjectHideFlags: 0
  serializedVersion: 2
  m_Modification:
    m_TransformParent: {fileID: 2563096174532659244}
    m_Modifications:
    - target: {fileID: 2575799586470967481, guid: 19b1fc7e006e04738a2ac8bc49857803,
        type: 3}
      propertyPath: m_Mesh
      value: 
      objectReference: {fileID: -3804292076810390853, guid: 01dd96220012c47dcb4a054c7246f8ed,
        type: 3}
    - target: {fileID: 3775199370510750708, guid: 19b1fc7e006e04738a2ac8bc49857803,
        type: 3}
      propertyPath: m_LocalPosition.x
      value: -0.868
      objectReference: {fileID: 0}
    - target: {fileID: 3775199370510750708, guid: 19b1fc7e006e04738a2ac8bc49857803,
        type: 3}
      propertyPath: m_LocalPosition.y
      value: 0.5
      objectReference: {fileID: 0}
    - target: {fileID: 3775199370510750708, guid: 19b1fc7e006e04738a2ac8bc49857803,
        type: 3}
      propertyPath: m_LocalPosition.z
      value: -1.96
      objectReference: {fileID: 0}
    - target: {fileID: 3775199370510750708, guid: 19b1fc7e006e04738a2ac8bc49857803,
        type: 3}
      propertyPath: m_LocalRotation.x
      value: 0
      objectReference: {fileID: 0}
    - target: {fileID: 3775199370510750708, guid: 19b1fc7e006e04738a2ac8bc49857803,
        type: 3}
      propertyPath: m_LocalRotation.y
      value: -0
      objectReference: {fileID: 0}
    - target: {fileID: 3775199370510750708, guid: 19b1fc7e006e04738a2ac8bc49857803,
        type: 3}
      propertyPath: m_LocalRotation.z
      value: -0
      objectReference: {fileID: 0}
    - target: {fileID: 3775199370510750708, guid: 19b1fc7e006e04738a2ac8bc49857803,
        type: 3}
      propertyPath: m_LocalRotation.w
      value: 1
      objectReference: {fileID: 0}
    - target: {fileID: 3775199370510750708, guid: 19b1fc7e006e04738a2ac8bc49857803,
        type: 3}
      propertyPath: m_RootOrder
      value: 2
      objectReference: {fileID: 0}
    - target: {fileID: 3775199370510750708, guid: 19b1fc7e006e04738a2ac8bc49857803,
        type: 3}
      propertyPath: m_LocalEulerAnglesHint.x
      value: 0
      objectReference: {fileID: 0}
    - target: {fileID: 3775199370510750708, guid: 19b1fc7e006e04738a2ac8bc49857803,
        type: 3}
      propertyPath: m_LocalEulerAnglesHint.y
      value: 0
      objectReference: {fileID: 0}
    - target: {fileID: 3775199370510750708, guid: 19b1fc7e006e04738a2ac8bc49857803,
        type: 3}
      propertyPath: m_LocalEulerAnglesHint.z
      value: 0
      objectReference: {fileID: 0}
    - target: {fileID: 3775199370510750708, guid: 19b1fc7e006e04738a2ac8bc49857803,
        type: 3}
      propertyPath: m_LocalScale.x
      value: 1.4
      objectReference: {fileID: 0}
    - target: {fileID: 3775199370510750708, guid: 19b1fc7e006e04738a2ac8bc49857803,
        type: 3}
      propertyPath: m_LocalScale.y
      value: 1.4
      objectReference: {fileID: 0}
    - target: {fileID: 3775199370510750708, guid: 19b1fc7e006e04738a2ac8bc49857803,
        type: 3}
      propertyPath: m_LocalScale.z
      value: 1.4
      objectReference: {fileID: 0}
    - target: {fileID: 6614315402482051505, guid: 19b1fc7e006e04738a2ac8bc49857803,
        type: 3}
      propertyPath: m_Materials.Array.data[0]
      value: 
      objectReference: {fileID: 2100000, guid: a3d9f02cbca404174b4b750d251ef633, type: 2}
    - target: {fileID: 7446537833229736216, guid: 19b1fc7e006e04738a2ac8bc49857803,
        type: 3}
      propertyPath: m_Name
      value: RL
      objectReference: {fileID: 0}
    m_RemovedComponents:
    - {fileID: 2622414183653921618, guid: 19b1fc7e006e04738a2ac8bc49857803, type: 3}
  m_SourcePrefab: {fileID: 100100000, guid: 19b1fc7e006e04738a2ac8bc49857803, type: 3}
--- !u!4 &5932430488123404060 stripped
Transform:
  m_CorrespondingSourceObject: {fileID: 3775199370510750708, guid: 19b1fc7e006e04738a2ac8bc49857803,
    type: 3}
  m_PrefabInstance: {fileID: 7363396160932330728}
  m_PrefabAsset: {fileID: 0}
--- !u!146 &5921570660302806089 stripped
WheelCollider:
  m_CorrespondingSourceObject: {fileID: 3755347810675974305, guid: 19b1fc7e006e04738a2ac8bc49857803,
    type: 3}
  m_PrefabInstance: {fileID: 7363396160932330728}
  m_PrefabAsset: {fileID: 0}
--- !u!1001 &9186653111615597305
PrefabInstance:
  m_ObjectHideFlags: 0
  serializedVersion: 2
  m_Modification:
    m_TransformParent: {fileID: 9186653113289854944}
    m_Modifications:
    - target: {fileID: 1019326057566698, guid: f683447c6570076418716c53d120168a, type: 3}
      propertyPath: m_Name
      value: wind_lines_left
      objectReference: {fileID: 0}
    - target: {fileID: 1019326057566698, guid: f683447c6570076418716c53d120168a, type: 3}
      propertyPath: m_Layer
      value: 9
      objectReference: {fileID: 0}
    - target: {fileID: 1019326057566698, guid: f683447c6570076418716c53d120168a, type: 3}
      propertyPath: m_StaticEditorFlags
      value: 2
      objectReference: {fileID: 0}
    - target: {fileID: 4681753433549648, guid: f683447c6570076418716c53d120168a, type: 3}
      propertyPath: m_LocalPosition.x
      value: -2.36
      objectReference: {fileID: 0}
    - target: {fileID: 4681753433549648, guid: f683447c6570076418716c53d120168a, type: 3}
      propertyPath: m_LocalPosition.y
      value: 1.02
      objectReference: {fileID: 0}
    - target: {fileID: 4681753433549648, guid: f683447c6570076418716c53d120168a, type: 3}
      propertyPath: m_LocalPosition.z
      value: 16.57
      objectReference: {fileID: 0}
    - target: {fileID: 4681753433549648, guid: f683447c6570076418716c53d120168a, type: 3}
      propertyPath: m_LocalRotation.x
      value: 0
      objectReference: {fileID: 0}
    - target: {fileID: 4681753433549648, guid: f683447c6570076418716c53d120168a, type: 3}
      propertyPath: m_LocalRotation.y
      value: 0.7071068
      objectReference: {fileID: 0}
    - target: {fileID: 4681753433549648, guid: f683447c6570076418716c53d120168a, type: 3}
      propertyPath: m_LocalRotation.z
      value: 0
      objectReference: {fileID: 0}
    - target: {fileID: 4681753433549648, guid: f683447c6570076418716c53d120168a, type: 3}
      propertyPath: m_LocalRotation.w
      value: 0.7071068
      objectReference: {fileID: 0}
    - target: {fileID: 4681753433549648, guid: f683447c6570076418716c53d120168a, type: 3}
      propertyPath: m_RootOrder
      value: 2
      objectReference: {fileID: 0}
    - target: {fileID: 4681753433549648, guid: f683447c6570076418716c53d120168a, type: 3}
      propertyPath: m_LocalEulerAnglesHint.x
      value: 0
      objectReference: {fileID: 0}
    - target: {fileID: 4681753433549648, guid: f683447c6570076418716c53d120168a, type: 3}
      propertyPath: m_LocalEulerAnglesHint.y
      value: 90
      objectReference: {fileID: 0}
    - target: {fileID: 4681753433549648, guid: f683447c6570076418716c53d120168a, type: 3}
      propertyPath: m_LocalEulerAnglesHint.z
      value: 0
      objectReference: {fileID: 0}
    - target: {fileID: 198893393215934218, guid: f683447c6570076418716c53d120168a,
        type: 3}
      propertyPath: playOnAwake
      value: 0
      objectReference: {fileID: 0}
    - target: {fileID: 198893393215934218, guid: f683447c6570076418716c53d120168a,
        type: 3}
      propertyPath: prewarm
      value: 1
      objectReference: {fileID: 0}
    - target: {fileID: 198893393215934218, guid: f683447c6570076418716c53d120168a,
        type: 3}
      propertyPath: EmissionModule.rateOverTime.scalar
      value: 20
      objectReference: {fileID: 0}
    - target: {fileID: 198893393215934218, guid: f683447c6570076418716c53d120168a,
        type: 3}
      propertyPath: InitialModule.startColor.maxColor.r
      value: 0.7416163
      objectReference: {fileID: 0}
    - target: {fileID: 198893393215934218, guid: f683447c6570076418716c53d120168a,
        type: 3}
      propertyPath: InitialModule.startColor.maxColor.g
      value: 0.740566
      objectReference: {fileID: 0}
    - target: {fileID: 198893393215934218, guid: f683447c6570076418716c53d120168a,
        type: 3}
      propertyPath: InitialModule.startColor.maxColor.b
      value: 1
      objectReference: {fileID: 0}
    m_RemovedComponents: []
  m_SourcePrefab: {fileID: 100100000, guid: f683447c6570076418716c53d120168a, type: 3}
--- !u!4 &9182046147865248169 stripped
Transform:
  m_CorrespondingSourceObject: {fileID: 4681753433549648, guid: f683447c6570076418716c53d120168a,
    type: 3}
  m_PrefabInstance: {fileID: 9186653111615597305}
  m_PrefabAsset: {fileID: 0}
--- !u!1001 &9186653112336705284
PrefabInstance:
  m_ObjectHideFlags: 0
  serializedVersion: 2
  m_Modification:
    m_TransformParent: {fileID: 9186653113289854944}
    m_Modifications:
    - target: {fileID: 1019326057566698, guid: f683447c6570076418716c53d120168a, type: 3}
      propertyPath: m_Name
      value: wind_lines_on_right
      objectReference: {fileID: 0}
    - target: {fileID: 1019326057566698, guid: f683447c6570076418716c53d120168a, type: 3}
      propertyPath: m_Layer
      value: 9
      objectReference: {fileID: 0}
    - target: {fileID: 1019326057566698, guid: f683447c6570076418716c53d120168a, type: 3}
      propertyPath: m_StaticEditorFlags
      value: 2
      objectReference: {fileID: 0}
    - target: {fileID: 4681753433549648, guid: f683447c6570076418716c53d120168a, type: 3}
      propertyPath: m_LocalPosition.x
      value: 2.44
      objectReference: {fileID: 0}
    - target: {fileID: 4681753433549648, guid: f683447c6570076418716c53d120168a, type: 3}
      propertyPath: m_LocalPosition.y
      value: 1.02
      objectReference: {fileID: 0}
    - target: {fileID: 4681753433549648, guid: f683447c6570076418716c53d120168a, type: 3}
      propertyPath: m_LocalPosition.z
      value: 18.58
      objectReference: {fileID: 0}
    - target: {fileID: 4681753433549648, guid: f683447c6570076418716c53d120168a, type: 3}
      propertyPath: m_LocalRotation.x
      value: 0
      objectReference: {fileID: 0}
    - target: {fileID: 4681753433549648, guid: f683447c6570076418716c53d120168a, type: 3}
      propertyPath: m_LocalRotation.y
      value: 0.7071068
      objectReference: {fileID: 0}
    - target: {fileID: 4681753433549648, guid: f683447c6570076418716c53d120168a, type: 3}
      propertyPath: m_LocalRotation.z
      value: 0
      objectReference: {fileID: 0}
    - target: {fileID: 4681753433549648, guid: f683447c6570076418716c53d120168a, type: 3}
      propertyPath: m_LocalRotation.w
      value: 0.7071068
      objectReference: {fileID: 0}
    - target: {fileID: 4681753433549648, guid: f683447c6570076418716c53d120168a, type: 3}
      propertyPath: m_RootOrder
      value: 3
      objectReference: {fileID: 0}
    - target: {fileID: 4681753433549648, guid: f683447c6570076418716c53d120168a, type: 3}
      propertyPath: m_LocalEulerAnglesHint.x
      value: 0
      objectReference: {fileID: 0}
    - target: {fileID: 4681753433549648, guid: f683447c6570076418716c53d120168a, type: 3}
      propertyPath: m_LocalEulerAnglesHint.y
      value: 90
      objectReference: {fileID: 0}
    - target: {fileID: 4681753433549648, guid: f683447c6570076418716c53d120168a, type: 3}
      propertyPath: m_LocalEulerAnglesHint.z
      value: 0
      objectReference: {fileID: 0}
    - target: {fileID: 198893393215934218, guid: f683447c6570076418716c53d120168a,
        type: 3}
      propertyPath: playOnAwake
      value: 0
      objectReference: {fileID: 0}
    - target: {fileID: 198893393215934218, guid: f683447c6570076418716c53d120168a,
        type: 3}
      propertyPath: prewarm
      value: 1
      objectReference: {fileID: 0}
    - target: {fileID: 198893393215934218, guid: f683447c6570076418716c53d120168a,
        type: 3}
      propertyPath: EmissionModule.rateOverTime.scalar
      value: 20
      objectReference: {fileID: 0}
    - target: {fileID: 198893393215934218, guid: f683447c6570076418716c53d120168a,
        type: 3}
      propertyPath: InitialModule.startColor.maxColor.r
      value: 0.7416163
      objectReference: {fileID: 0}
    - target: {fileID: 198893393215934218, guid: f683447c6570076418716c53d120168a,
        type: 3}
      propertyPath: InitialModule.startColor.maxColor.g
      value: 0.740566
      objectReference: {fileID: 0}
    - target: {fileID: 198893393215934218, guid: f683447c6570076418716c53d120168a,
        type: 3}
      propertyPath: InitialModule.startColor.maxColor.b
      value: 1
      objectReference: {fileID: 0}
    m_RemovedComponents: []
  m_SourcePrefab: {fileID: 100100000, guid: f683447c6570076418716c53d120168a, type: 3}
--- !u!4 &9182046147177729108 stripped
Transform:
  m_CorrespondingSourceObject: {fileID: 4681753433549648, guid: f683447c6570076418716c53d120168a,
    type: 3}
  m_PrefabInstance: {fileID: 9186653112336705284}
  m_PrefabAsset: {fileID: 0}
--- !u!1001 &9186653112363466340
PrefabInstance:
  m_ObjectHideFlags: 0
  serializedVersion: 2
  m_Modification:
    m_TransformParent: {fileID: 9186653112905078709}
    m_Modifications:
    - target: {fileID: 130620, guid: 1bff3d95f687092458215d6af5ecc998, type: 3}
      propertyPath: m_Name
      value: L.R
      objectReference: {fileID: 0}
    - target: {fileID: 130620, guid: 1bff3d95f687092458215d6af5ecc998, type: 3}
      propertyPath: m_Layer
      value: 9
      objectReference: {fileID: 0}
    - target: {fileID: 130620, guid: 1bff3d95f687092458215d6af5ecc998, type: 3}
      propertyPath: m_StaticEditorFlags
      value: 2
      objectReference: {fileID: 0}
    - target: {fileID: 437806, guid: 1bff3d95f687092458215d6af5ecc998, type: 3}
      propertyPath: m_LocalPosition.x
      value: -1.75
      objectReference: {fileID: 0}
    - target: {fileID: 437806, guid: 1bff3d95f687092458215d6af5ecc998, type: 3}
      propertyPath: m_LocalPosition.y
      value: 0.2
      objectReference: {fileID: 0}
    - target: {fileID: 437806, guid: 1bff3d95f687092458215d6af5ecc998, type: 3}
      propertyPath: m_LocalPosition.z
      value: -3.42
      objectReference: {fileID: 0}
    - target: {fileID: 437806, guid: 1bff3d95f687092458215d6af5ecc998, type: 3}
      propertyPath: m_LocalRotation.x
      value: 0
      objectReference: {fileID: 0}
    - target: {fileID: 437806, guid: 1bff3d95f687092458215d6af5ecc998, type: 3}
      propertyPath: m_LocalRotation.y
      value: 0
      objectReference: {fileID: 0}
    - target: {fileID: 437806, guid: 1bff3d95f687092458215d6af5ecc998, type: 3}
      propertyPath: m_LocalRotation.z
      value: 0
      objectReference: {fileID: 0}
    - target: {fileID: 437806, guid: 1bff3d95f687092458215d6af5ecc998, type: 3}
      propertyPath: m_LocalRotation.w
      value: 1
      objectReference: {fileID: 0}
    - target: {fileID: 437806, guid: 1bff3d95f687092458215d6af5ecc998, type: 3}
      propertyPath: m_RootOrder
      value: 0
      objectReference: {fileID: 0}
    - target: {fileID: 437806, guid: 1bff3d95f687092458215d6af5ecc998, type: 3}
      propertyPath: m_LocalEulerAnglesHint.x
      value: 0
      objectReference: {fileID: 0}
    - target: {fileID: 437806, guid: 1bff3d95f687092458215d6af5ecc998, type: 3}
      propertyPath: m_LocalEulerAnglesHint.y
      value: 0
      objectReference: {fileID: 0}
    - target: {fileID: 437806, guid: 1bff3d95f687092458215d6af5ecc998, type: 3}
      propertyPath: m_LocalEulerAnglesHint.z
      value: 0
      objectReference: {fileID: 0}
    - target: {fileID: 437806, guid: 1bff3d95f687092458215d6af5ecc998, type: 3}
      propertyPath: m_LocalScale.x
      value: 1.4000001
      objectReference: {fileID: 0}
    - target: {fileID: 437806, guid: 1bff3d95f687092458215d6af5ecc998, type: 3}
      propertyPath: m_LocalScale.y
      value: 1.4000001
      objectReference: {fileID: 0}
    - target: {fileID: 437806, guid: 1bff3d95f687092458215d6af5ecc998, type: 3}
      propertyPath: m_LocalScale.z
      value: 1.4000001
      objectReference: {fileID: 0}
    - target: {fileID: 19884158, guid: 1bff3d95f687092458215d6af5ecc998, type: 3}
      propertyPath: playOnAwake
      value: 0
      objectReference: {fileID: 0}
    - target: {fileID: 19917696, guid: 1bff3d95f687092458215d6af5ecc998, type: 3}
      propertyPath: m_Materials.Array.size
      value: 1
      objectReference: {fileID: 0}
    m_RemovedComponents: []
  m_SourcePrefab: {fileID: 100100000, guid: 1bff3d95f687092458215d6af5ecc998, type: 3}
--- !u!4 &9186653112363880522 stripped
Transform:
  m_CorrespondingSourceObject: {fileID: 437806, guid: 1bff3d95f687092458215d6af5ecc998,
    type: 3}
  m_PrefabInstance: {fileID: 9186653112363466340}
  m_PrefabAsset: {fileID: 0}
--- !u!198 &9186653112344401434 stripped
ParticleSystem:
  m_CorrespondingSourceObject: {fileID: 19884158, guid: 1bff3d95f687092458215d6af5ecc998,
    type: 3}
  m_PrefabInstance: {fileID: 9186653112363466340}
  m_PrefabAsset: {fileID: 0}
--- !u!1001 &9186653112369155640
PrefabInstance:
  m_ObjectHideFlags: 0
  serializedVersion: 2
  m_Modification:
    m_TransformParent: {fileID: 9186653113289854944}
    m_Modifications:
    - target: {fileID: 1019326057566698, guid: f683447c6570076418716c53d120168a, type: 3}
      propertyPath: m_Name
      value: wind_lines_on_car
      objectReference: {fileID: 0}
    - target: {fileID: 1019326057566698, guid: f683447c6570076418716c53d120168a, type: 3}
      propertyPath: m_Layer
      value: 9
      objectReference: {fileID: 0}
    - target: {fileID: 1019326057566698, guid: f683447c6570076418716c53d120168a, type: 3}
      propertyPath: m_StaticEditorFlags
      value: 2
      objectReference: {fileID: 0}
    - target: {fileID: 4681753433549648, guid: f683447c6570076418716c53d120168a, type: 3}
      propertyPath: m_LocalPosition.x
      value: 0.16
      objectReference: {fileID: 0}
    - target: {fileID: 4681753433549648, guid: f683447c6570076418716c53d120168a, type: 3}
      propertyPath: m_LocalPosition.y
      value: 1.02
      objectReference: {fileID: 0}
    - target: {fileID: 4681753433549648, guid: f683447c6570076418716c53d120168a, type: 3}
      propertyPath: m_LocalPosition.z
      value: 17.15
      objectReference: {fileID: 0}
    - target: {fileID: 4681753433549648, guid: f683447c6570076418716c53d120168a, type: 3}
      propertyPath: m_LocalRotation.x
      value: 0
      objectReference: {fileID: 0}
    - target: {fileID: 4681753433549648, guid: f683447c6570076418716c53d120168a, type: 3}
      propertyPath: m_LocalRotation.y
      value: 0.7071068
      objectReference: {fileID: 0}
    - target: {fileID: 4681753433549648, guid: f683447c6570076418716c53d120168a, type: 3}
      propertyPath: m_LocalRotation.z
      value: 0
      objectReference: {fileID: 0}
    - target: {fileID: 4681753433549648, guid: f683447c6570076418716c53d120168a, type: 3}
      propertyPath: m_LocalRotation.w
      value: 0.7071068
      objectReference: {fileID: 0}
    - target: {fileID: 4681753433549648, guid: f683447c6570076418716c53d120168a, type: 3}
      propertyPath: m_RootOrder
      value: 1
      objectReference: {fileID: 0}
    - target: {fileID: 4681753433549648, guid: f683447c6570076418716c53d120168a, type: 3}
      propertyPath: m_LocalEulerAnglesHint.x
      value: 0
      objectReference: {fileID: 0}
    - target: {fileID: 4681753433549648, guid: f683447c6570076418716c53d120168a, type: 3}
      propertyPath: m_LocalEulerAnglesHint.y
      value: 90
      objectReference: {fileID: 0}
    - target: {fileID: 4681753433549648, guid: f683447c6570076418716c53d120168a, type: 3}
      propertyPath: m_LocalEulerAnglesHint.z
      value: 0
      objectReference: {fileID: 0}
    - target: {fileID: 198893393215934218, guid: f683447c6570076418716c53d120168a,
        type: 3}
      propertyPath: playOnAwake
      value: 0
      objectReference: {fileID: 0}
    - target: {fileID: 198893393215934218, guid: f683447c6570076418716c53d120168a,
        type: 3}
      propertyPath: prewarm
      value: 1
      objectReference: {fileID: 0}
    - target: {fileID: 198893393215934218, guid: f683447c6570076418716c53d120168a,
        type: 3}
      propertyPath: EmissionModule.rateOverTime.scalar
      value: 20
      objectReference: {fileID: 0}
    - target: {fileID: 198893393215934218, guid: f683447c6570076418716c53d120168a,
        type: 3}
      propertyPath: InitialModule.startColor.maxColor.r
      value: 0.7416163
      objectReference: {fileID: 0}
    - target: {fileID: 198893393215934218, guid: f683447c6570076418716c53d120168a,
        type: 3}
      propertyPath: InitialModule.startColor.maxColor.g
      value: 0.740566
      objectReference: {fileID: 0}
    - target: {fileID: 198893393215934218, guid: f683447c6570076418716c53d120168a,
        type: 3}
      propertyPath: InitialModule.startColor.maxColor.b
      value: 1
      objectReference: {fileID: 0}
    m_RemovedComponents: []
  m_SourcePrefab: {fileID: 100100000, guid: f683447c6570076418716c53d120168a, type: 3}
--- !u!4 &9182046147279398248 stripped
Transform:
  m_CorrespondingSourceObject: {fileID: 4681753433549648, guid: f683447c6570076418716c53d120168a,
    type: 3}
  m_PrefabInstance: {fileID: 9186653112369155640}
  m_PrefabAsset: {fileID: 0}
--- !u!1001 &9186653112767018921
PrefabInstance:
  m_ObjectHideFlags: 0
  serializedVersion: 2
  m_Modification:
    m_TransformParent: {fileID: 9186653112905078709}
    m_Modifications:
    - target: {fileID: 130620, guid: 1bff3d95f687092458215d6af5ecc998, type: 3}
      propertyPath: m_Name
      value: R.R
      objectReference: {fileID: 0}
    - target: {fileID: 130620, guid: 1bff3d95f687092458215d6af5ecc998, type: 3}
      propertyPath: m_Layer
      value: 9
      objectReference: {fileID: 0}
    - target: {fileID: 130620, guid: 1bff3d95f687092458215d6af5ecc998, type: 3}
      propertyPath: m_StaticEditorFlags
      value: 2
      objectReference: {fileID: 0}
    - target: {fileID: 437806, guid: 1bff3d95f687092458215d6af5ecc998, type: 3}
      propertyPath: m_LocalPosition.x
      value: 1.3
      objectReference: {fileID: 0}
    - target: {fileID: 437806, guid: 1bff3d95f687092458215d6af5ecc998, type: 3}
      propertyPath: m_LocalPosition.y
      value: 0.2
      objectReference: {fileID: 0}
    - target: {fileID: 437806, guid: 1bff3d95f687092458215d6af5ecc998, type: 3}
      propertyPath: m_LocalPosition.z
      value: -3.42
      objectReference: {fileID: 0}
    - target: {fileID: 437806, guid: 1bff3d95f687092458215d6af5ecc998, type: 3}
      propertyPath: m_LocalRotation.x
      value: 0
      objectReference: {fileID: 0}
    - target: {fileID: 437806, guid: 1bff3d95f687092458215d6af5ecc998, type: 3}
      propertyPath: m_LocalRotation.y
      value: 0
      objectReference: {fileID: 0}
    - target: {fileID: 437806, guid: 1bff3d95f687092458215d6af5ecc998, type: 3}
      propertyPath: m_LocalRotation.z
      value: 0
      objectReference: {fileID: 0}
    - target: {fileID: 437806, guid: 1bff3d95f687092458215d6af5ecc998, type: 3}
      propertyPath: m_LocalRotation.w
      value: 1
      objectReference: {fileID: 0}
    - target: {fileID: 437806, guid: 1bff3d95f687092458215d6af5ecc998, type: 3}
      propertyPath: m_RootOrder
      value: 1
      objectReference: {fileID: 0}
    - target: {fileID: 437806, guid: 1bff3d95f687092458215d6af5ecc998, type: 3}
      propertyPath: m_LocalEulerAnglesHint.x
      value: 0
      objectReference: {fileID: 0}
    - target: {fileID: 437806, guid: 1bff3d95f687092458215d6af5ecc998, type: 3}
      propertyPath: m_LocalEulerAnglesHint.y
      value: 0
      objectReference: {fileID: 0}
    - target: {fileID: 437806, guid: 1bff3d95f687092458215d6af5ecc998, type: 3}
      propertyPath: m_LocalEulerAnglesHint.z
      value: 0
      objectReference: {fileID: 0}
    - target: {fileID: 437806, guid: 1bff3d95f687092458215d6af5ecc998, type: 3}
      propertyPath: m_LocalScale.x
      value: 1.4000001
      objectReference: {fileID: 0}
    - target: {fileID: 437806, guid: 1bff3d95f687092458215d6af5ecc998, type: 3}
      propertyPath: m_LocalScale.y
      value: 1.4000001
      objectReference: {fileID: 0}
    - target: {fileID: 437806, guid: 1bff3d95f687092458215d6af5ecc998, type: 3}
      propertyPath: m_LocalScale.z
      value: 1.4000001
      objectReference: {fileID: 0}
    - target: {fileID: 19884158, guid: 1bff3d95f687092458215d6af5ecc998, type: 3}
      propertyPath: EmissionModule.rateOverDistance.scalar
      value: 7
      objectReference: {fileID: 0}
    - target: {fileID: 19884158, guid: 1bff3d95f687092458215d6af5ecc998, type: 3}
      propertyPath: playOnAwake
      value: 0
      objectReference: {fileID: 0}
    m_RemovedComponents: []
  m_SourcePrefab: {fileID: 100100000, guid: 1bff3d95f687092458215d6af5ecc998, type: 3}
--- !u!4 &9186653112766585223 stripped
Transform:
  m_CorrespondingSourceObject: {fileID: 437806, guid: 1bff3d95f687092458215d6af5ecc998,
    type: 3}
  m_PrefabInstance: {fileID: 9186653112767018921}
  m_PrefabAsset: {fileID: 0}
--- !u!198 &9186653112748318679 stripped
ParticleSystem:
  m_CorrespondingSourceObject: {fileID: 19884158, guid: 1bff3d95f687092458215d6af5ecc998,
    type: 3}
  m_PrefabInstance: {fileID: 9186653112767018921}
  m_PrefabAsset: {fileID: 0}
