%YAML 1.1
%TAG !u! tag:unity3d.com,2011:
--- !u!1 &4273622024502387730
GameObject:
  m_ObjectHideFlags: 0
  m_CorrespondingSourceObject: {fileID: 0}
  m_PrefabInstance: {fileID: 0}
  m_PrefabAsset: {fileID: 0}
  serializedVersion: 6
  m_Component:
  - component: {fileID: 4273622024502713694}
  - component: {fileID: 4273622024505562164}
  - component: {fileID: 4273622024504552478}
  m_Layer: 10
  m_Name: Wheel_Front.R
  m_TagString: Untagged
  m_Icon: {fileID: 0}
  m_NavMeshLayer: 0
  m_StaticEditorFlags: 0
  m_IsActive: 1
--- !u!4 &4273622024502713694
Transform:
  m_ObjectHideFlags: 0
  m_CorrespondingSourceObject: {fileID: 0}
  m_PrefabInstance: {fileID: 0}
  m_PrefabAsset: {fileID: 0}
  m_GameObject: {fileID: 4273622024502387730}
  m_LocalRotation: {x: 0, y: 0, z: 0, w: 1}
  m_LocalPosition: {x: 0.9533506, y: 0.38599604, z: 1.7006263}
  m_LocalScale: {x: 1, y: 1, z: 1}
  m_Children: []
  m_Father: {fileID: 4273622024502685608}
  m_RootOrder: 1
  m_LocalEulerAnglesHint: {x: 0, y: 0, z: 0}
--- !u!33 &4273622024505562164
MeshFilter:
  m_ObjectHideFlags: 0
  m_CorrespondingSourceObject: {fileID: 0}
  m_PrefabInstance: {fileID: 0}
  m_PrefabAsset: {fileID: 0}
  m_GameObject: {fileID: 4273622024502387730}
  m_Mesh: {fileID: 4300012, guid: d61b66c1a6f31a3448c7945603495569, type: 3}
--- !u!23 &4273622024504552478
MeshRenderer:
  m_ObjectHideFlags: 0
  m_CorrespondingSourceObject: {fileID: 0}
  m_PrefabInstance: {fileID: 0}
  m_PrefabAsset: {fileID: 0}
  m_GameObject: {fileID: 4273622024502387730}
  m_Enabled: 1
  m_CastShadows: 1
  m_ReceiveShadows: 1
  m_DynamicOccludee: 1
  m_MotionVectors: 1
  m_LightProbeUsage: 1
  m_ReflectionProbeUsage: 1
  m_RayTracingMode: 2
  m_RayTraceProcedural: 0
  m_RenderingLayerMask: 1
  m_RendererPriority: 0
  m_Materials:
  - {fileID: 2100000, guid: e8affa65f53ec6b4cbb58a7a36ae678c, type: 2}
  m_StaticBatchInfo:
    firstSubMesh: 0
    subMeshCount: 0
  m_StaticBatchRoot: {fileID: 0}
  m_ProbeAnchor: {fileID: 0}
  m_LightProbeVolumeOverride: {fileID: 0}
  m_ScaleInLightmap: 1
  m_ReceiveGI: 1
  m_PreserveUVs: 0
  m_IgnoreNormalsForChartDetection: 0
  m_ImportantGI: 0
  m_StitchLightmapSeams: 1
  m_SelectedEditorRenderState: 3
  m_MinimumChartSize: 4
  m_AutoUVMaxDistance: 0.5
  m_AutoUVMaxAngle: 89
  m_LightmapParameters: {fileID: 0}
  m_SortingLayerID: 0
  m_SortingLayer: 0
  m_SortingOrder: 0
  m_AdditionalVertexStreams: {fileID: 0}
--- !u!1 &4273622024502615082
GameObject:
  m_ObjectHideFlags: 0
  m_CorrespondingSourceObject: {fileID: 0}
  m_PrefabInstance: {fileID: 0}
  m_PrefabAsset: {fileID: 0}
  serializedVersion: 6
  m_Component:
  - component: {fileID: 4273622024502707218}
  - component: {fileID: 4273622024505579840}
  - component: {fileID: 4273622024504597472}
  m_Layer: 10
  m_Name: Wheel_Rear.L
  m_TagString: Untagged
  m_Icon: {fileID: 0}
  m_NavMeshLayer: 0
  m_StaticEditorFlags: 0
  m_IsActive: 1
--- !u!4 &4273622024502707218
Transform:
  m_ObjectHideFlags: 0
  m_CorrespondingSourceObject: {fileID: 0}
  m_PrefabInstance: {fileID: 0}
  m_PrefabAsset: {fileID: 0}
  m_GameObject: {fileID: 4273622024502615082}
  m_LocalRotation: {x: 0, y: 0, z: 0, w: 1}
  m_LocalPosition: {x: -0.9533503, y: 0.38599536, z: -1.378053}
  m_LocalScale: {x: 1, y: 1, z: 1}
  m_Children: []
  m_Father: {fileID: 4273622024502685608}
  m_RootOrder: 2
  m_LocalEulerAnglesHint: {x: 0, y: 0, z: 0}
--- !u!33 &4273622024505579840
MeshFilter:
  m_ObjectHideFlags: 0
  m_CorrespondingSourceObject: {fileID: 0}
  m_PrefabInstance: {fileID: 0}
  m_PrefabAsset: {fileID: 0}
  m_GameObject: {fileID: 4273622024502615082}
  m_Mesh: {fileID: 4300016, guid: d61b66c1a6f31a3448c7945603495569, type: 3}
--- !u!23 &4273622024504597472
MeshRenderer:
  m_ObjectHideFlags: 0
  m_CorrespondingSourceObject: {fileID: 0}
  m_PrefabInstance: {fileID: 0}
  m_PrefabAsset: {fileID: 0}
  m_GameObject: {fileID: 4273622024502615082}
  m_Enabled: 1
  m_CastShadows: 1
  m_ReceiveShadows: 1
  m_DynamicOccludee: 1
  m_MotionVectors: 1
  m_LightProbeUsage: 1
  m_ReflectionProbeUsage: 1
  m_RayTracingMode: 2
  m_RayTraceProcedural: 0
  m_RenderingLayerMask: 1
  m_RendererPriority: 0
  m_Materials:
  - {fileID: 2100000, guid: e8affa65f53ec6b4cbb58a7a36ae678c, type: 2}
  m_StaticBatchInfo:
    firstSubMesh: 0
    subMeshCount: 0
  m_StaticBatchRoot: {fileID: 0}
  m_ProbeAnchor: {fileID: 0}
  m_LightProbeVolumeOverride: {fileID: 0}
  m_ScaleInLightmap: 1
  m_ReceiveGI: 1
  m_PreserveUVs: 0
  m_IgnoreNormalsForChartDetection: 0
  m_ImportantGI: 0
  m_StitchLightmapSeams: 1
  m_SelectedEditorRenderState: 3
  m_MinimumChartSize: 4
  m_AutoUVMaxDistance: 0.5
  m_AutoUVMaxAngle: 89
  m_LightmapParameters: {fileID: 0}
  m_SortingLayerID: 0
  m_SortingLayer: 0
  m_SortingOrder: 0
  m_AdditionalVertexStreams: {fileID: 0}
--- !u!1 &4273622024502622128
GameObject:
  m_ObjectHideFlags: 0
  m_CorrespondingSourceObject: {fileID: 0}
  m_PrefabInstance: {fileID: 0}
  m_PrefabAsset: {fileID: 0}
  serializedVersion: 6
  m_Component:
  - component: {fileID: 4273622024502699042}
  - component: {fileID: 4273622024505605624}
  - component: {fileID: 4273622024504873472}
  m_Layer: 10
  m_Name: Wheel_Rear.R
  m_TagString: Untagged
  m_Icon: {fileID: 0}
  m_NavMeshLayer: 0
  m_StaticEditorFlags: 0
  m_IsActive: 1
--- !u!4 &4273622024502699042
Transform:
  m_ObjectHideFlags: 0
  m_CorrespondingSourceObject: {fileID: 0}
  m_PrefabInstance: {fileID: 0}
  m_PrefabAsset: {fileID: 0}
  m_GameObject: {fileID: 4273622024502622128}
  m_LocalRotation: {x: 0, y: 0, z: 0, w: 1}
  m_LocalPosition: {x: 0.9533503, y: 0.38599536, z: -1.378053}
  m_LocalScale: {x: 1, y: 1, z: 1}
  m_Children: []
  m_Father: {fileID: 4273622024502685608}
  m_RootOrder: 3
  m_LocalEulerAnglesHint: {x: 0, y: 0, z: 0}
--- !u!33 &4273622024505605624
MeshFilter:
  m_ObjectHideFlags: 0
  m_CorrespondingSourceObject: {fileID: 0}
  m_PrefabInstance: {fileID: 0}
  m_PrefabAsset: {fileID: 0}
  m_GameObject: {fileID: 4273622024502622128}
  m_Mesh: {fileID: 4300014, guid: d61b66c1a6f31a3448c7945603495569, type: 3}
--- !u!23 &4273622024504873472
MeshRenderer:
  m_ObjectHideFlags: 0
  m_CorrespondingSourceObject: {fileID: 0}
  m_PrefabInstance: {fileID: 0}
  m_PrefabAsset: {fileID: 0}
  m_GameObject: {fileID: 4273622024502622128}
  m_Enabled: 1
  m_CastShadows: 1
  m_ReceiveShadows: 1
  m_DynamicOccludee: 1
  m_MotionVectors: 1
  m_LightProbeUsage: 1
  m_ReflectionProbeUsage: 1
  m_RayTracingMode: 2
  m_RayTraceProcedural: 0
  m_RenderingLayerMask: 1
  m_RendererPriority: 0
  m_Materials:
  - {fileID: 2100000, guid: e8affa65f53ec6b4cbb58a7a36ae678c, type: 2}
  m_StaticBatchInfo:
    firstSubMesh: 0
    subMeshCount: 0
  m_StaticBatchRoot: {fileID: 0}
  m_ProbeAnchor: {fileID: 0}
  m_LightProbeVolumeOverride: {fileID: 0}
  m_ScaleInLightmap: 1
  m_ReceiveGI: 1
  m_PreserveUVs: 0
  m_IgnoreNormalsForChartDetection: 0
  m_ImportantGI: 0
  m_StitchLightmapSeams: 1
  m_SelectedEditorRenderState: 3
  m_MinimumChartSize: 4
  m_AutoUVMaxDistance: 0.5
  m_AutoUVMaxAngle: 89
  m_LightmapParameters: {fileID: 0}
  m_SortingLayerID: 0
  m_SortingLayer: 0
  m_SortingOrder: 0
  m_AdditionalVertexStreams: {fileID: 0}
--- !u!1 &4273622024502626222
GameObject:
  m_ObjectHideFlags: 0
  m_CorrespondingSourceObject: {fileID: 0}
  m_PrefabInstance: {fileID: 0}
  m_PrefabAsset: {fileID: 0}
  serializedVersion: 6
  m_Component:
  - component: {fileID: 4273622024502685608}
  - component: {fileID: 4273622024505641358}
  - component: {fileID: 4273622024504557684}
  - component: {fileID: 2849171001091445284}
  - component: {fileID: 1768032446224416021}
  m_Layer: 10
  m_Name: Interceptor
  m_TagString: Untagged
  m_Icon: {fileID: 0}
  m_NavMeshLayer: 0
  m_StaticEditorFlags: 0
  m_IsActive: 1
--- !u!4 &4273622024502685608
Transform:
  m_ObjectHideFlags: 0
  m_CorrespondingSourceObject: {fileID: 0}
  m_PrefabInstance: {fileID: 0}
  m_PrefabAsset: {fileID: 0}
  m_GameObject: {fileID: 4273622024502626222}
  m_LocalRotation: {x: 0, y: 0, z: 0, w: 1}
  m_LocalPosition: {x: 0, y: 0, z: 0}
  m_LocalScale: {x: 1.8, y: 1.8, z: 1.8}
  m_Children:
  - {fileID: 4273622024502708554}
  - {fileID: 4273622024502713694}
  - {fileID: 4273622024502707218}
  - {fileID: 4273622024502699042}
  - {fileID: 4543752807851441838}
  - {fileID: 3638795356066879707}
  m_Father: {fileID: 0}
  m_RootOrder: 0
  m_LocalEulerAnglesHint: {x: 0, y: 0, z: 0}
--- !u!33 &4273622024505641358
MeshFilter:
  m_ObjectHideFlags: 0
  m_CorrespondingSourceObject: {fileID: 0}
  m_PrefabInstance: {fileID: 0}
  m_PrefabAsset: {fileID: 0}
  m_GameObject: {fileID: 4273622024502626222}
  m_Mesh: {fileID: 4300000, guid: d61b66c1a6f31a3448c7945603495569, type: 3}
--- !u!23 &4273622024504557684
MeshRenderer:
  m_ObjectHideFlags: 0
  m_CorrespondingSourceObject: {fileID: 0}
  m_PrefabInstance: {fileID: 0}
  m_PrefabAsset: {fileID: 0}
  m_GameObject: {fileID: 4273622024502626222}
  m_Enabled: 1
  m_CastShadows: 1
  m_ReceiveShadows: 1
  m_DynamicOccludee: 1
  m_MotionVectors: 1
  m_LightProbeUsage: 1
  m_ReflectionProbeUsage: 1
  m_RayTracingMode: 2
  m_RayTraceProcedural: 0
  m_RenderingLayerMask: 1
  m_RendererPriority: 0
  m_Materials:
  - {fileID: 2100000, guid: e8affa65f53ec6b4cbb58a7a36ae678c, type: 2}
  m_StaticBatchInfo:
    firstSubMesh: 0
    subMeshCount: 0
  m_StaticBatchRoot: {fileID: 0}
  m_ProbeAnchor: {fileID: 0}
  m_LightProbeVolumeOverride: {fileID: 0}
  m_ScaleInLightmap: 1
  m_ReceiveGI: 1
  m_PreserveUVs: 0
  m_IgnoreNormalsForChartDetection: 0
  m_ImportantGI: 0
  m_StitchLightmapSeams: 1
  m_SelectedEditorRenderState: 3
  m_MinimumChartSize: 4
  m_AutoUVMaxDistance: 0.5
  m_AutoUVMaxAngle: 89
  m_LightmapParameters: {fileID: 0}
  m_SortingLayerID: 0
  m_SortingLayer: 0
  m_SortingOrder: 0
  m_AdditionalVertexStreams: {fileID: 0}
--- !u!65 &2849171001091445284
BoxCollider:
  m_ObjectHideFlags: 0
  m_CorrespondingSourceObject: {fileID: 0}
  m_PrefabInstance: {fileID: 0}
  m_PrefabAsset: {fileID: 0}
  m_GameObject: {fileID: 4273622024502626222}
  m_Material: {fileID: 0}
  m_IsTrigger: 0
  m_Enabled: 1
  serializedVersion: 2
  m_Size: {x: 2.5293486, y: 1.4884408, z: 5.819031}
  m_Center: {x: -0.0000076293945, y: 0.9562535, z: 0.021568175}
--- !u!114 &1768032446224416021
MonoBehaviour:
  m_ObjectHideFlags: 0
  m_CorrespondingSourceObject: {fileID: 0}
  m_PrefabInstance: {fileID: 0}
  m_PrefabAsset: {fileID: 0}
  m_GameObject: {fileID: 4273622024502626222}
  m_Enabled: 1
  m_EditorHideFlags: 0
  m_Script: {fileID: 11500000, guid: 05c79cc89b69b4b5fa645636dda72f25, type: 3}
  m_Name: 
  m_EditorClassIdentifier: 
  id: roadblock_car
  mass: 100
  centerOfMass: {fileID: 4888805799032851588}
  rearEndPosition: {fileID: 0}
  wheels: []
  type: 8
  turnLights: {fileID: 0}
  headLights: {fileID: 0}
  smokeOnLowHealth: {fileID: 0}
  frontEndPosition: {fileID: 0}
  policeLight: {fileID: 8831044192255995058}
  isPlayer: 0
  speedBoost: {fileID: 0}
  attackLocation: {fileID: 0}
  explosionForceLocations: {fileID: 0}
  nearMissBehaviours: []
  wheelTrails: []
  screenShot: {fileID: 0}
--- !u!1 &4273622024502634922
GameObject:
  m_ObjectHideFlags: 0
  m_CorrespondingSourceObject: {fileID: 0}
  m_PrefabInstance: {fileID: 0}
  m_PrefabAsset: {fileID: 0}
  serializedVersion: 6
  m_Component:
  - component: {fileID: 4273622024502708554}
  - component: {fileID: 4273622024505554884}
  - component: {fileID: 4273622024504593016}
  m_Layer: 10
  m_Name: Wheel_Front.L
  m_TagString: Untagged
  m_Icon: {fileID: 0}
  m_NavMeshLayer: 0
  m_StaticEditorFlags: 0
  m_IsActive: 1
--- !u!4 &4273622024502708554
Transform:
  m_ObjectHideFlags: 0
  m_CorrespondingSourceObject: {fileID: 0}
  m_PrefabInstance: {fileID: 0}
  m_PrefabAsset: {fileID: 0}
  m_GameObject: {fileID: 4273622024502634922}
  m_LocalRotation: {x: 0, y: 0, z: 0, w: 1}
  m_LocalPosition: {x: -0.9533506, y: 0.38599604, z: 1.7006263}
  m_LocalScale: {x: 1, y: 1, z: 1}
  m_Children: []
  m_Father: {fileID: 4273622024502685608}
  m_RootOrder: 0
  m_LocalEulerAnglesHint: {x: 0, y: 0, z: 0}
--- !u!33 &4273622024505554884
MeshFilter:
  m_ObjectHideFlags: 0
  m_CorrespondingSourceObject: {fileID: 0}
  m_PrefabInstance: {fileID: 0}
  m_PrefabAsset: {fileID: 0}
  m_GameObject: {fileID: 4273622024502634922}
  m_Mesh: {fileID: 4300010, guid: d61b66c1a6f31a3448c7945603495569, type: 3}
--- !u!23 &4273622024504593016
MeshRenderer:
  m_ObjectHideFlags: 0
  m_CorrespondingSourceObject: {fileID: 0}
  m_PrefabInstance: {fileID: 0}
  m_PrefabAsset: {fileID: 0}
  m_GameObject: {fileID: 4273622024502634922}
  m_Enabled: 1
  m_CastShadows: 1
  m_ReceiveShadows: 1
  m_DynamicOccludee: 1
  m_MotionVectors: 1
  m_LightProbeUsage: 1
  m_ReflectionProbeUsage: 1
  m_RayTracingMode: 2
  m_RayTraceProcedural: 0
  m_RenderingLayerMask: 1
  m_RendererPriority: 0
  m_Materials:
  - {fileID: 2100000, guid: e8affa65f53ec6b4cbb58a7a36ae678c, type: 2}
  m_StaticBatchInfo:
    firstSubMesh: 0
    subMeshCount: 0
  m_StaticBatchRoot: {fileID: 0}
  m_ProbeAnchor: {fileID: 0}
  m_LightProbeVolumeOverride: {fileID: 0}
  m_ScaleInLightmap: 1
  m_ReceiveGI: 1
  m_PreserveUVs: 0
  m_IgnoreNormalsForChartDetection: 0
  m_ImportantGI: 0
  m_StitchLightmapSeams: 1
  m_SelectedEditorRenderState: 3
  m_MinimumChartSize: 4
  m_AutoUVMaxDistance: 0.5
  m_AutoUVMaxAngle: 89
  m_LightmapParameters: {fileID: 0}
  m_SortingLayerID: 0
  m_SortingLayer: 0
  m_SortingOrder: 0
  m_AdditionalVertexStreams: {fileID: 0}
--- !u!1 &4888805799032851588
GameObject:
  m_ObjectHideFlags: 0
  m_CorrespondingSourceObject: {fileID: 0}
  m_PrefabInstance: {fileID: 0}
  m_PrefabAsset: {fileID: 0}
  serializedVersion: 6
  m_Component:
  - component: {fileID: 4543752807851441838}
  m_Layer: 0
  m_Name: CoM
  m_TagString: Untagged
  m_Icon: {fileID: 0}
  m_NavMeshLayer: 0
  m_StaticEditorFlags: 0
  m_IsActive: 1
--- !u!4 &4543752807851441838
Transform:
  m_ObjectHideFlags: 0
  m_CorrespondingSourceObject: {fileID: 0}
  m_PrefabInstance: {fileID: 0}
  m_PrefabAsset: {fileID: 0}
  m_GameObject: {fileID: 4888805799032851588}
  m_LocalRotation: {x: -0, y: -0, z: -0, w: 1}
  m_LocalPosition: {x: -0.000002053049, y: 0.47226962, z: 0.011983515}
  m_LocalScale: {x: 0.5555556, y: 0.5555556, z: 0.5555556}
  m_Children: []
  m_Father: {fileID: 4273622024502685608}
  m_RootOrder: 4
  m_LocalEulerAnglesHint: {x: 0, y: 0, z: 0}
--- !u!1001 &3268185373242986672
PrefabInstance:
  m_ObjectHideFlags: 0
  serializedVersion: 2
  m_Modification:
    m_TransformParent: {fileID: 4273622024502685608}
    m_Modifications:
    - target: {fileID: 298537387008196320, guid: b1c344357d9264ba4b8791bc395fb5ee,
        type: 3}
      propertyPath: m_LocalPosition.x
      value: 4.92
      objectReference: {fileID: 0}
    - target: {fileID: 298537387008196320, guid: b1c344357d9264ba4b8791bc395fb5ee,
        type: 3}
      propertyPath: m_LocalRotation.x
      value: 0
      objectReference: {fileID: 0}
    - target: {fileID: 298537387008196320, guid: b1c344357d9264ba4b8791bc395fb5ee,
        type: 3}
      propertyPath: m_LocalRotation.y
      value: 0.729864
      objectReference: {fileID: 0}
    - target: {fileID: 298537387008196320, guid: b1c344357d9264ba4b8791bc395fb5ee,
        type: 3}
      propertyPath: m_LocalRotation.z
      value: 0
      objectReference: {fileID: 0}
    - target: {fileID: 298537387008196320, guid: b1c344357d9264ba4b8791bc395fb5ee,
        type: 3}
      propertyPath: m_LocalRotation.w
      value: 0.6835924
      objectReference: {fileID: 0}
    - target: {fileID: 298537387008196320, guid: b1c344357d9264ba4b8791bc395fb5ee,
        type: 3}
      propertyPath: m_LocalEulerAnglesHint.y
      value: 93.75
      objectReference: {fileID: 0}
    - target: {fileID: 298537387008196320, guid: b1c344357d9264ba4b8791bc395fb5ee,
        type: 3}
      propertyPath: m_LocalPosition.y
      value: 0
      objectReference: {fileID: 0}
    - target: {fileID: 379682738029064406, guid: b1c344357d9264ba4b8791bc395fb5ee,
        type: 3}
      propertyPath: m_CullingMask.m_Bits
      value: 1536
      objectReference: {fileID: 0}
    - target: {fileID: 379682738029064406, guid: b1c344357d9264ba4b8791bc395fb5ee,
        type: 3}
      propertyPath: m_Range
      value: 0.4
      objectReference: {fileID: 0}
    - target: {fileID: 427777942545596175, guid: b1c344357d9264ba4b8791bc395fb5ee,
        type: 3}
      propertyPath: m_LocalPosition.x
      value: -3.26
      objectReference: {fileID: 0}
    - target: {fileID: 427777942545596175, guid: b1c344357d9264ba4b8791bc395fb5ee,
        type: 3}
      propertyPath: m_LocalRotation.x
      value: 0
      objectReference: {fileID: 0}
    - target: {fileID: 427777942545596175, guid: b1c344357d9264ba4b8791bc395fb5ee,
        type: 3}
      propertyPath: m_LocalRotation.y
      value: -0.7071068
      objectReference: {fileID: 0}
    - target: {fileID: 427777942545596175, guid: b1c344357d9264ba4b8791bc395fb5ee,
        type: 3}
      propertyPath: m_LocalRotation.z
      value: 0
      objectReference: {fileID: 0}
    - target: {fileID: 427777942545596175, guid: b1c344357d9264ba4b8791bc395fb5ee,
        type: 3}
      propertyPath: m_LocalRotation.w
      value: 0.7071068
      objectReference: {fileID: 0}
    - target: {fileID: 427777942545596175, guid: b1c344357d9264ba4b8791bc395fb5ee,
        type: 3}
      propertyPath: m_LocalEulerAnglesHint.y
      value: -90
      objectReference: {fileID: 0}
    - target: {fileID: 427777942545596175, guid: b1c344357d9264ba4b8791bc395fb5ee,
        type: 3}
      propertyPath: m_LocalPosition.y
      value: 1.3400002
      objectReference: {fileID: 0}
    - target: {fileID: 466479733207860476, guid: b1c344357d9264ba4b8791bc395fb5ee,
        type: 3}
      propertyPath: m_Intensity
      value: 20
      objectReference: {fileID: 0}
    - target: {fileID: 466479733207860476, guid: b1c344357d9264ba4b8791bc395fb5ee,
        type: 3}
      propertyPath: m_BounceIntensity
      value: 1
      objectReference: {fileID: 0}
    - target: {fileID: 466479733207860476, guid: b1c344357d9264ba4b8791bc395fb5ee,
        type: 3}
      propertyPath: m_Enabled
      value: 1
      objectReference: {fileID: 0}
    - target: {fileID: 466479733207860476, guid: b1c344357d9264ba4b8791bc395fb5ee,
        type: 3}
      propertyPath: m_CullingMask.m_Bits
      value: 4294967295
      objectReference: {fileID: 0}
    - target: {fileID: 466479733207860476, guid: b1c344357d9264ba4b8791bc395fb5ee,
        type: 3}
      propertyPath: m_Range
      value: 1.07
      objectReference: {fileID: 0}
    - target: {fileID: 466479733207860476, guid: b1c344357d9264ba4b8791bc395fb5ee,
        type: 3}
      propertyPath: m_Type
      value: 2
      objectReference: {fileID: 0}
    - target: {fileID: 466479733207860476, guid: b1c344357d9264ba4b8791bc395fb5ee,
        type: 3}
      propertyPath: m_SpotAngle
      value: 37.73427
      objectReference: {fileID: 0}
    - target: {fileID: 466479733207860476, guid: b1c344357d9264ba4b8791bc395fb5ee,
        type: 3}
      propertyPath: m_InnerSpotAngle
      value: 29.53635
      objectReference: {fileID: 0}
    - target: {fileID: 466479733207860476, guid: b1c344357d9264ba4b8791bc395fb5ee,
        type: 3}
      propertyPath: m_Shadows.m_Type
      value: 0
      objectReference: {fileID: 0}
    - target: {fileID: 1383482997483116005, guid: b1c344357d9264ba4b8791bc395fb5ee,
        type: 3}
      propertyPath: m_LocalPosition.x
      value: -3.47
      objectReference: {fileID: 0}
    - target: {fileID: 1383482997483116005, guid: b1c344357d9264ba4b8791bc395fb5ee,
        type: 3}
      propertyPath: m_LocalPosition.y
      value: 0
      objectReference: {fileID: 0}
    - target: {fileID: 1530370237782189906, guid: b1c344357d9264ba4b8791bc395fb5ee,
        type: 3}
      propertyPath: m_LocalPosition.y
      value: -0.72000015
      objectReference: {fileID: 0}
    - target: {fileID: 1530370237782189906, guid: b1c344357d9264ba4b8791bc395fb5ee,
        type: 3}
      propertyPath: m_LocalPosition.z
      value: -0.21
      objectReference: {fileID: 0}
    - target: {fileID: 1530370237782189906, guid: b1c344357d9264ba4b8791bc395fb5ee,
        type: 3}
      propertyPath: m_LocalPosition.x
      value: -2.17
      objectReference: {fileID: 0}
    - target: {fileID: 2244327880168540267, guid: b1c344357d9264ba4b8791bc395fb5ee,
        type: 3}
      propertyPath: m_LocalPosition.x
      value: 0.008
      objectReference: {fileID: 0}
    - target: {fileID: 2244327880168540267, guid: b1c344357d9264ba4b8791bc395fb5ee,
        type: 3}
      propertyPath: m_LocalPosition.y
      value: 1.89
      objectReference: {fileID: 0}
    - target: {fileID: 2244327880168540267, guid: b1c344357d9264ba4b8791bc395fb5ee,
        type: 3}
      propertyPath: m_LocalPosition.z
      value: -0.258
      objectReference: {fileID: 0}
    - target: {fileID: 2244327880168540267, guid: b1c344357d9264ba4b8791bc395fb5ee,
        type: 3}
      propertyPath: m_LocalRotation.x
      value: -0
      objectReference: {fileID: 0}
    - target: {fileID: 2244327880168540267, guid: b1c344357d9264ba4b8791bc395fb5ee,
        type: 3}
      propertyPath: m_LocalRotation.y
      value: -0
      objectReference: {fileID: 0}
    - target: {fileID: 2244327880168540267, guid: b1c344357d9264ba4b8791bc395fb5ee,
        type: 3}
      propertyPath: m_LocalRotation.z
      value: -0
      objectReference: {fileID: 0}
    - target: {fileID: 2244327880168540267, guid: b1c344357d9264ba4b8791bc395fb5ee,
        type: 3}
      propertyPath: m_LocalRotation.w
      value: 1
      objectReference: {fileID: 0}
    - target: {fileID: 2244327880168540267, guid: b1c344357d9264ba4b8791bc395fb5ee,
        type: 3}
      propertyPath: m_RootOrder
      value: 5
      objectReference: {fileID: 0}
    - target: {fileID: 2244327880168540267, guid: b1c344357d9264ba4b8791bc395fb5ee,
        type: 3}
      propertyPath: m_LocalEulerAnglesHint.x
      value: 0
      objectReference: {fileID: 0}
    - target: {fileID: 2244327880168540267, guid: b1c344357d9264ba4b8791bc395fb5ee,
        type: 3}
      propertyPath: m_LocalEulerAnglesHint.y
      value: 0
      objectReference: {fileID: 0}
    - target: {fileID: 2244327880168540267, guid: b1c344357d9264ba4b8791bc395fb5ee,
        type: 3}
      propertyPath: m_LocalEulerAnglesHint.z
      value: 0
      objectReference: {fileID: 0}
    - target: {fileID: 2244327880168540268, guid: b1c344357d9264ba4b8791bc395fb5ee,
        type: 3}
      propertyPath: m_Name
      value: PoliceLight
      objectReference: {fileID: 0}
    - target: {fileID: 2749789833125494469, guid: b1c344357d9264ba4b8791bc395fb5ee,
        type: 3}
      propertyPath: m_CullingMask.m_Bits
      value: 4294967295
      objectReference: {fileID: 0}
    - target: {fileID: 2749789833125494469, guid: b1c344357d9264ba4b8791bc395fb5ee,
        type: 3}
      propertyPath: m_Enabled
      value: 1
      objectReference: {fileID: 0}
    - target: {fileID: 2749789833125494469, guid: b1c344357d9264ba4b8791bc395fb5ee,
        type: 3}
      propertyPath: m_Intensity
      value: 1
      objectReference: {fileID: 0}
    - target: {fileID: 2749789833125494469, guid: b1c344357d9264ba4b8791bc395fb5ee,
        type: 3}
      propertyPath: m_Range
      value: 1.43
      objectReference: {fileID: 0}
    - target: {fileID: 2749789833125494469, guid: b1c344357d9264ba4b8791bc395fb5ee,
        type: 3}
      propertyPath: m_Shadows.m_Type
      value: 0
      objectReference: {fileID: 0}
    - target: {fileID: 2749789833125494469, guid: b1c344357d9264ba4b8791bc395fb5ee,
        type: 3}
      propertyPath: m_Type
      value: 2
      objectReference: {fileID: 0}
    - target: {fileID: 2749789833125494469, guid: b1c344357d9264ba4b8791bc395fb5ee,
        type: 3}
      propertyPath: m_SpotAngle
      value: 37.73427
      objectReference: {fileID: 0}
    - target: {fileID: 2749789833125494469, guid: b1c344357d9264ba4b8791bc395fb5ee,
        type: 3}
      propertyPath: m_InnerSpotAngle
      value: 29.53635
      objectReference: {fileID: 0}
    - target: {fileID: 3031704764989331383, guid: b1c344357d9264ba4b8791bc395fb5ee,
        type: 3}
      propertyPath: m_LocalPosition.y
      value: -0.7200002
      objectReference: {fileID: 0}
    - target: {fileID: 3031704764989331383, guid: b1c344357d9264ba4b8791bc395fb5ee,
        type: 3}
      propertyPath: m_LocalPosition.z
      value: -0.28
      objectReference: {fileID: 0}
    - target: {fileID: 3031704764989331383, guid: b1c344357d9264ba4b8791bc395fb5ee,
        type: 3}
      propertyPath: m_LocalPosition.x
      value: 1.92
      objectReference: {fileID: 0}
    - target: {fileID: 3435738936025041956, guid: b1c344357d9264ba4b8791bc395fb5ee,
        type: 3}
      propertyPath: m_IsActive
      value: 1
      objectReference: {fileID: 0}
    - target: {fileID: 4527777440243881688, guid: b1c344357d9264ba4b8791bc395fb5ee,
        type: 3}
      propertyPath: m_IsActive
      value: 1
      objectReference: {fileID: 0}
    - target: {fileID: 4597983485710058450, guid: b1c344357d9264ba4b8791bc395fb5ee,
        type: 3}
      propertyPath: m_CullingMask.m_Bits
      value: 1536
      objectReference: {fileID: 0}
    - target: {fileID: 4597983485710058450, guid: b1c344357d9264ba4b8791bc395fb5ee,
        type: 3}
      propertyPath: m_Range
      value: 0.4
      objectReference: {fileID: 0}
    - target: {fileID: 4669704952876672348, guid: b1c344357d9264ba4b8791bc395fb5ee,
        type: 3}
      propertyPath: m_LocalPosition.y
      value: -0.7200002
      objectReference: {fileID: 0}
    - target: {fileID: 4669704952876672348, guid: b1c344357d9264ba4b8791bc395fb5ee,
        type: 3}
      propertyPath: m_LocalPosition.z
      value: -0.27999997
      objectReference: {fileID: 0}
    - target: {fileID: 4669704952876672348, guid: b1c344357d9264ba4b8791bc395fb5ee,
        type: 3}
      propertyPath: m_LocalPosition.x
      value: 3.29
      objectReference: {fileID: 0}
    - target: {fileID: 6354200943151321244, guid: b1c344357d9264ba4b8791bc395fb5ee,
        type: 3}
      propertyPath: m_Intensity
      value: 1
      objectReference: {fileID: 0}
    - target: {fileID: 6354200943151321244, guid: b1c344357d9264ba4b8791bc395fb5ee,
        type: 3}
      propertyPath: m_BounceIntensity
      value: 1
      objectReference: {fileID: 0}
    - target: {fileID: 6354200943151321244, guid: b1c344357d9264ba4b8791bc395fb5ee,
        type: 3}
      propertyPath: m_Enabled
      value: 1
      objectReference: {fileID: 0}
    - target: {fileID: 6354200943151321244, guid: b1c344357d9264ba4b8791bc395fb5ee,
        type: 3}
      propertyPath: m_CullingMask.m_Bits
      value: 4294967295
      objectReference: {fileID: 0}
    - target: {fileID: 6354200943151321244, guid: b1c344357d9264ba4b8791bc395fb5ee,
        type: 3}
      propertyPath: m_Range
      value: 1.43
      objectReference: {fileID: 0}
    - target: {fileID: 6354200943151321244, guid: b1c344357d9264ba4b8791bc395fb5ee,
        type: 3}
      propertyPath: m_Type
      value: 2
      objectReference: {fileID: 0}
    - target: {fileID: 6354200943151321244, guid: b1c344357d9264ba4b8791bc395fb5ee,
        type: 3}
      propertyPath: m_SpotAngle
      value: 37.73427
      objectReference: {fileID: 0}
    - target: {fileID: 6354200943151321244, guid: b1c344357d9264ba4b8791bc395fb5ee,
        type: 3}
      propertyPath: m_InnerSpotAngle
      value: 29.53635
      objectReference: {fileID: 0}
    - target: {fileID: 6476114453821621901, guid: b1c344357d9264ba4b8791bc395fb5ee,
        type: 3}
      propertyPath: m_CullingMask.m_Bits
      value: 4294967295
      objectReference: {fileID: 0}
    - target: {fileID: 6476114453821621901, guid: b1c344357d9264ba4b8791bc395fb5ee,
        type: 3}
      propertyPath: m_Enabled
      value: 1
      objectReference: {fileID: 0}
    - target: {fileID: 6476114453821621901, guid: b1c344357d9264ba4b8791bc395fb5ee,
        type: 3}
      propertyPath: m_Intensity
      value: 20
      objectReference: {fileID: 0}
    - target: {fileID: 6476114453821621901, guid: b1c344357d9264ba4b8791bc395fb5ee,
        type: 3}
      propertyPath: m_Range
      value: 1.07
      objectReference: {fileID: 0}
    - target: {fileID: 6476114453821621901, guid: b1c344357d9264ba4b8791bc395fb5ee,
        type: 3}
      propertyPath: m_Shadows.m_Type
      value: 0
      objectReference: {fileID: 0}
    - target: {fileID: 6476114453821621901, guid: b1c344357d9264ba4b8791bc395fb5ee,
        type: 3}
      propertyPath: m_Type
      value: 2
      objectReference: {fileID: 0}
    - target: {fileID: 6476114453821621901, guid: b1c344357d9264ba4b8791bc395fb5ee,
        type: 3}
      propertyPath: m_SpotAngle
      value: 37.73427
      objectReference: {fileID: 0}
    - target: {fileID: 6476114453821621901, guid: b1c344357d9264ba4b8791bc395fb5ee,
        type: 3}
      propertyPath: m_InnerSpotAngle
      value: 29.53635
      objectReference: {fileID: 0}
    - target: {fileID: 6494448023165461909, guid: b1c344357d9264ba4b8791bc395fb5ee,
        type: 3}
      propertyPath: m_LocalPosition.y
      value: -0.72
      objectReference: {fileID: 0}
    - target: {fileID: 6494448023165461909, guid: b1c344357d9264ba4b8791bc395fb5ee,
        type: 3}
      propertyPath: m_LocalPosition.z
      value: -0.21
      objectReference: {fileID: 0}
    - target: {fileID: 6494448023165461909, guid: b1c344357d9264ba4b8791bc395fb5ee,
        type: 3}
      propertyPath: m_LocalPosition.x
      value: -3.28
      objectReference: {fileID: 0}
    - target: {fileID: 6761943846623032163, guid: b1c344357d9264ba4b8791bc395fb5ee,
        type: 3}
      propertyPath: m_CullingMask.m_Bits
      value: 1536
      objectReference: {fileID: 0}
    - target: {fileID: 6761943846623032163, guid: b1c344357d9264ba4b8791bc395fb5ee,
        type: 3}
      propertyPath: m_Range
      value: 0.4
      objectReference: {fileID: 0}
    - target: {fileID: 7303819751880520754, guid: b1c344357d9264ba4b8791bc395fb5ee,
        type: 3}
      propertyPath: m_LocalPosition.y
      value: -7.7300014
      objectReference: {fileID: 0}
    - target: {fileID: 7303819751880520754, guid: b1c344357d9264ba4b8791bc395fb5ee,
        type: 3}
      propertyPath: m_LocalPosition.x
      value: -6.5
      objectReference: {fileID: 0}
    - target: {fileID: 7938954639165579441, guid: b1c344357d9264ba4b8791bc395fb5ee,
        type: 3}
      propertyPath: m_LocalPosition.y
      value: -7.64
      objectReference: {fileID: 0}
    - target: {fileID: 7938954639165579441, guid: b1c344357d9264ba4b8791bc395fb5ee,
        type: 3}
      propertyPath: m_LocalPosition.x
      value: 6.17
      objectReference: {fileID: 0}
    - target: {fileID: 8199407521206987110, guid: b1c344357d9264ba4b8791bc395fb5ee,
        type: 3}
      propertyPath: m_IsActive
      value: 0
      objectReference: {fileID: 0}
    - target: {fileID: 8715016587489956504, guid: b1c344357d9264ba4b8791bc395fb5ee,
        type: 3}
      propertyPath: m_LocalPosition.x
      value: 2.6
      objectReference: {fileID: 0}
    - target: {fileID: 8715016587489956504, guid: b1c344357d9264ba4b8791bc395fb5ee,
        type: 3}
      propertyPath: m_LocalPosition.y
      value: 1.46
      objectReference: {fileID: 0}
    - target: {fileID: 8922052265203252883, guid: b1c344357d9264ba4b8791bc395fb5ee,
        type: 3}
      propertyPath: m_CullingMask.m_Bits
      value: 1536
      objectReference: {fileID: 0}
    - target: {fileID: 8922052265203252883, guid: b1c344357d9264ba4b8791bc395fb5ee,
        type: 3}
      propertyPath: m_Range
      value: 0.4
      objectReference: {fileID: 0}
    m_RemovedComponents: []
  m_SourcePrefab: {fileID: 100100000, guid: b1c344357d9264ba4b8791bc395fb5ee, type: 3}
--- !u!4 &3638795356066879707 stripped
Transform:
  m_CorrespondingSourceObject: {fileID: 2244327880168540267, guid: b1c344357d9264ba4b8791bc395fb5ee,
    type: 3}
  m_PrefabInstance: {fileID: 3268185373242986672}
  m_PrefabAsset: {fileID: 0}
--- !u!114 &8831044192255995058 stripped
MonoBehaviour:
  m_CorrespondingSourceObject: {fileID: 6328901832952740866, guid: b1c344357d9264ba4b8791bc395fb5ee,
    type: 3}
  m_PrefabInstance: {fileID: 3268185373242986672}
  m_PrefabAsset: {fileID: 0}
  m_GameObject: {fileID: 0}
  m_Enabled: 1
  m_EditorHideFlags: 0
  m_Script: {fileID: 11500000, guid: fcce4c1be5da341018b5d8db8ef16336, type: 3}
  m_Name: 
  m_EditorClassIdentifier: 
